5467 6500
1075 837 1242 934 -991
1294 873 1391 916 -.

444 1039 527 1128 Quia
547 1047 655 1128 entem
676 1052 749 1100 eum
771 1029 904 1118 Templo
928 1029 1059 1096 condito
1080 1043 1169 1100 arcte
1193 1027 1368 1112 coluerere'
1391 1025 1515 1100 ridetur
1549 1029 1680 1122 publica
1709 1031 1921 1104 Pentateucbi
1941 1033 2073 1104 hebraei

365 1153 369 1160 ’
399 1156 616 1234 introductio,
645 1147 901 1239 adprehendam
924 1151 1136 1227 sententiam,
1160 1148 1332 1238 Templum
1354 1147 1436 1215 illud
1459 1147 1633 1217 Alexandri
1662 1164 1767 1218 netate
1790 1154 1959 1240 conditum
1990 1178 2077 1232 esse,

400 1276 530 1342 evidens
551 1282 777 1362 argumentum
797 1267 872 1334 duci
901 1269 998 1356 possit
1021 1290 1057 1334 er
1078 1270 1246 1334 univcrsri
1278 1266 1422 1336 Codicis
1440 1269 1823 1368 hebraeo-samaritani
1850 1278 1998 1340 ratione.
2047 1276 2078 1339 ls

334 1451 339 1458 .
399 1395 484 1480 enim
503 1393 531 1458 si
547 1414 585 1458 co
601 1392 747 1456 circiter
766 1363 916 1476 tempore
930 1407 1004 1452 cum
1020 1387 1117 1474 pleni
1137 1385 1251 1484 Cultus
1269 1383 1395 1472 judaici
1425 1387 1656 1463 instauratione
1677 1389 1760 1454 inter
1783 1391 1999 1458 Samaritanus
2026 1415 2077 1456 re·

399 1525 509 1600 ceptus
527 1513 594 1590 sit,
618 1509 687 1597 ejus
709 1520 776 1572 tum
798 1505 989 1572 discrimen
1012 1528 1035 1570 ο
1057 1503 1183 1570 Codice
1205 1505 1350 1570 hebraeo
1372 1503 1609 1584 Iudaeorum,
1634 1517 1702 1572 tum
1725 1507 1964 1588 necessitudo,
1995 1531 2078 1596 quae

377 1629 539 1694 illisum
564 1626 797 1694 Pentateucho
811 1613 1049 1689 alexandrino
1068 1622 1259 1702 intercedit,
1283 1624 1388 1691 multo
1408 1624 1524 1692 melios
1551 1623 1773 1713 explicentur,
1810 1648 1904 1714 qnam
1927 1627 1953 1691 si
1984 1627 2077 1693 illurn

400 1745 553 1813 codicem
570 1746 679 1812 seculo
702 1745 769 1810 lere
787 1755 862 1808 ante
881 1740 1103 1809 introductum
1125 1763 1215 1824 erse,
1239 1745 1403 1817 statuitur.

442 1865 490 1929 lle
512 1866 662 1952 orrta'qsut
678 1861 807 1929 codicis
824 1861 1006 1927 samaritani
1025 1859 1210 1929 conditione
1231 1861 1381 1951 judicare
1404 1857 1534 1951 quidem
1555 1881 1721 1949 possumus
1744 1874 1865 1928 tantum
1888 1885 1924 1928 cr
1946 1862 2078 1930 Codici-

399 1979 457 2044 bus
478 2003 540 2046 non
563 1981 643 2047 adeo
666 1977 821 2063 vetustis,
856 1976 911 2043 sed
930 1999 967 2044 er
990 1974 1039 2044 his
1065 1977 1122 2043 ille
1148 1981 1223 2045 satis
1252 1991 1400 2046 accurate
1430 1978 1654 2067 cognoscitur..
1702 1979 1847 2066 liugnam
1874 1983 1961 2046 enim
1982 1983 2078 2046 luisse

397 2093 670 2163 Samaritanorum
690 2097 723 2162 in
753 2107 841 2161 tertu
864 2093 1036 2183 aliquando
1060 2108 1190 2184 recepto
1215 2094 1370 2161 servando
1391 2094 1601 2183 religionem,
1632 2095 1695 2162 loci
1721 2093 1856 2174 docent,
1881 2118 1899 2160 a
1926 2097 2074 2162 Patribus

398 2215 618 2278 ecclesiasticis
639 2213 761 2278 laudati
775 2262 785 2290 ,
799 2213 856 2300 qui
867 2260 877 2291 ,
901 2211 1012 2300 paucis
1031 2213 1194 2299 exceptis,
1218 2224 1399 2302 temporum
1417 2211 1550 2277 decursu
1570 2211 1792 2278 Librariorum
1815 2214 1983 2279 oscitantii
2005 2237 2078 2278 cor-

397 2331 522 2418 ruptis,
546 2351 621 2396 cum
639 2328 813 2395 codicibus
827 2327 988 2417 hodieque
1003 2329 1226 2416 superstitibus
1242 2329 1432 2394 verbotenus
1453 2328 1520 2394 lere
1539 2331 1732 2394 conveniunt
1748 2333 1810 2416 (1).

443 2447 499 2512 llis
523 2446 659 2512 dubium
675 2445 743 2532 jann
765 2458 935 2531 enervetur
956 2466 1089 2522 eorum,
1114 2445 1170 2535 qui
1190 2443 1414 2523 contendunt,
1440 2445 1523 2510 haud
1552 2445 1597 2512 ita
1620 2469 1768 2533 magnum
1790 2449 1884 2512 luisse
1915 2445 2001 2510 istud
2023 2445 2080 2512 Sa·

396 2563 625 2628 maritenorum
647 2566 752 2629 tertias
769 2563 949 2652 incorrupti
964 2547 1110 2627 servandi
1131 2560 1288 2628 studium.
1334 2562 1397 2646 Qui
1418 2583 1532 2651 nempe
1545 2561 1921 2640 contrarium‘stntuunt,
1946 2563 1981 2626 iu
1995 2561 2078 2627 banc

397 2680 581 2766 opinionem
602 2681 739 2744 maxime
760 2677 964 2755 ductisunt,
997 2678 1121 2742 collatis
1150 2676 1229 2742 locis
1251 2675 1440 2756 nonnullis,
1472 2675 1513 2742 de
1539 2678 1722 2745 industria
1741 2703 1757 2742 o
1779 2674 1985 2749 Samaritanis
2003 2701 2079 2743 ‹tor-

396 2796 512 2884 ruptis.
562 2775 904 2884 Quorumgrarissimi
927 2793 995 2860 sine
1014 2793 1116 2859 dubio
1138 2805 1211 2858 sunt
1240 2791 1274 2878 l)
1291 2790 1389 2876 licut.
1410 2793 1549 2870 xxvtt.
1573 2805 1616 2875 4,
1651 2797 1708 2862 ubi
1731 2797 1802 2862 roci
1826 2765 1921 2909 '72⁹9
1942 2793 2082 2860 Semeri·

397 2939 464 3005 tani
485 2938 719 3007 substituerunt
742 2941 889 3052 DQ,
913 2937 947 3024 2)
959 2936 1062 3004 Eroti.
1077 2935 1155 3004 -ΧΧ,
1181 2937 1222 3001 17
1236 2934 1376 3007 ctlleut.
1399 2935 1440 3007 V.
1460 2939 1522 3018 21,
1544 2943 1601 3029 qui
1616 2943 1712 3008 ambo
1725 2941 1813 3006 aucti
1829 2953 1902 3008 aunt
1925 2961 1962 3004 ex
1981 2939 2078 3008 lleut.

397 3081 456 3153 xi.
477 3087 519 3150 29
532 3096 565 3173 et
577 3087 642 3162 30,
664 3096 698 3149 et
718 3081 853 3148 xxvtl.
875 3085 963 3147 2-8
986 3081 1050 3166 (2).
1083 3079 1176 3145 -llos
1193 3091 1300 3144 autem
1319 3080 1464 3169 elisaque
1485 3081 1571 3147 locos
1590 3105 1608 3147 a
1627 3083 1834 3150 Samaritanis
1857 3081 1966 3148 dedite
1985 3087 2088 3172 operi*

396 3212 536 3267 mntrtos
556 3211 590 3266 at
609 3209 719 3264 ructor
738 3219 823 3279 esse,
850 3196 921 3287 quis
943 3195 1041 3264 bodie
1063 3195 1187 3286 neget?
1240 3195 1282 3262 ur
1302 3193 1381 3285 quid
1404 3193 1676 3267 Samaritanorum
1698 3200 1794 3269 rebus
1815 3203 2077 3283 convenientius,

398 3316 475 3407 quid
496 3315 548 3381 his
573 3314 803 3383 constituendis
827 3316 927 3404 magis
946 3314 1189 3381 necessarium?
1234 3312 1353 3381 Montis
1370 3314 1585 3403 gariaimitaui
1613 3319 1814 3387 sanctitatem
1835 3319 2076 3409 praedicantes,

396 3433 588 3502 Samaritani
605 3434 658 3519 jas
681 3431 742 3496 sibi
763 3429 978 3526 arrogabant,
1014 3428 1102 3519 quod
1125 3428 1242 3497 orllide
1261 3432 1306 3496 sic
1330 3428 1461 3497 demum
1485 3434 1570 3498 tueri
1591 3446 1750 3521 poteraut.
1775 3468 1819 3487 ·-
1842 3438 1888 3503 Er
1910 3437 1948 3501 iis
1971 3451 2079 3504 autem

396 3552 477 3615 locis
498 3550 564 3627 ita,
593 3559 630 3613 ut
649 3548 793 3644 ipsorum
808 3537 939 3615 'causum
959 3546 1190 3631 defenderent,
1213 3548 1419 3630 reformatis,
1455 3550 1538 3616 nibil
1570 3550 1679 3641 colligi
1710 3564 1838 3642 potest,
1875 3552 1967 3643 quod
1980 3554 2077 3621 iidem

396 3688 508 3734 eorum
525 3668 558 3731 in
574 3677 669 3737 ‚testu
687 3666 881 3754 aliquando
898 3674 1034 3756 recepto
1055 3668 1178 3755 integre
1196 3667 1351 3735 serrendo
1366 3670 1399 3734 in
1413 3668 1547 3735 dubiem
1571 3682 1674 3737 nocet.
1721 3668 1811 3735 Nihil
1836 3670 1931 3739 etiam
1953 3698 1988 3739 er
2009 3674 2078 3741 aliis
2201 3676 2209 3693 '

396 3787 475 3851 locis
493 3784 690 3868 levioribus,
711 3784 933 3872 Pentateucho
951 3783 1143 3849 samaritano
1166 3786 1304 3872 propriis
1331 3808 1369 3850 ac
1395 3786 1519 3875 priris,
1556 3788 1612 3875 qul
1636 3788 1748 3855 Gentis
1778 3788 1921 3855 dicendi
1940 3816 2079 3857 consuc-

397 3905 536 3980 tudiru'‚
560 3924 601 3965 cc
630 3911 816 3987 temporum
839 3900 1023 3989 cogitandi
1051 3904 1188 3965 rationi
1212 3902 1444 3983 accommodanti
1476 3915 1550 3968 sunt
1577 3902 1640 3989 (3).
1688 3900 1769 3969 Nam
1794 3914 1925 3992 tempus
1949 3912 2074 3996 agitur,
2155 3970 2160 3979 ,

397 4044 462 4109 quo
499 4026 615 4083 uerae
644 4022 698 4082 r‘to
723 4026 900 4083 correctus
929 4021 990 4085 rr't.
1031 4004 1080 4081 ln
1108 4038 1150 4080 eo
1177 4026 1283 4083 autem
1313 4017 1496 4083 deliniendo
1534 4040 1597 4083 nou
1627 4017 1805 4085 haeremus.
1860 4022 1962 4087 Locos
1992 4028 2077 4089 eoinr

396 4136 568 4203 nonnullos
590 4136 618 4200 ei
639 4134 784 4223 excipis,
816 4135 874 4223 qui
906 4106 1071 4222 temporis
1094 4131 1243 4199 decursas
1275 4132 1522 4203 Librcn'erarm
1547 4133 1642 4224 culpi
1666 4134 1812 4224 corrupti
1843 4136 1928 4213 siut,
1953 4146 2078 4225 grovi-

397 4278 476 4321 orer
505 4274 600 4344 supro
622 4250 804 4333 indicatae,
836 4272 874 4318 ac
896 4250 1032 4333 leviores
1052 4252 1131 4330 istae
1150 4254 1404 4329 correctiones,
1426 4270 1489 4317 non
1510 4252 1607 4317 modo
1626 4256 1908 4341 antiquissimum
1930 4266 2076 4322 oetatem

402 4373 571 4452 referunt,
606 4372 836 4437 verumetiam
858 4368 971 4435 eodem
994 4376 1164 4456 tempore,
1192 4388 1258 4456 quo
1278 4364 1384 4434 (lodex
1404 4368 1489 4434 inter
1509 4390 1582 4434 eum
1608 4369 1766 4458 Populum
1786 4370 2075 4461 perrulgatueait,

397 4513 471 4555 com
502 4490 639 4554 lormnm
661 4508 774 4551 omnes
797 4484 968 4575 accepisse}
986 4484 1146 4554 ridentur.
1192 4483 1399 4551 Samaritanis
1429 4484 1576 4552 uidelicet
1604 4486 1773 4552 coblentim
1804 4510 1883 4577 opus
1905 4505 1974 4556 erat
1998 4496 2078 4562 reli·

399 4606 447 4672 dia
467 4606 680 4695 argumentis,
701 4601 821 4691 ⁴quibus
843 4623 972 4670 oensem
993 4622 1083 4668 uram
1104 4613 1282 4699 tuerentur.
1332 4598 1456 4669 lleinde
1477 4622 1518 4666 ne
1539 4604 1611 4690 quis
1628 4622 1737 4668 eorum
1759 4617 1868 4693 postea
1887 4607 1927 4673 de
1950 4610 2077 4676 Codicis

399 4726 605 4813 corruptione
630 4692 839 4813 quereretur,
875 4720 1136 4809 prudentiamne
1157 4718 1327 4799 suadebat,
1362 4730 1398 4783 ut
1420 4740 1455 4785 ea
1476 4720 1565 4808 prius
1591 4726 1772 4800 inutarcnt,
1805 4746 1901 4812 quam
1924 4726 2077 4794 (lodicem

392 4842 461 4913 ‚nnis
481 4838 651 4905 traderent.
696 4814 911 4907 Samaritanus
938 4858 1054 4925 nempe
1076 4839 1180 4907 textus
1201 4837 1323 4929 recepti
1352 4834 1569 4905 tenacissimos
1590 4838 1704 4920 fuisse,
1730 4838 1883 4911 clamores
1908 4844 2079 4913 ostendunt

326 5200 332 5209 .
441 5130 486 5207 (l)
508 5128 606 5187 Graan.
627 5128 661 5185 de
679 5129 765 5187 Petet.
786 5129 861 5187 Sane
879 5128 1154 5211 crigincccl.p18.

432 5224 1054 5311 rr)uen.t.t.p.61,ettp.ttssir·
1223 5228 1226 5235 ’
1300 5225 1363 5345 ,(3)
1386 5195 1733 5337 “mst'lltlll‘ll'
1791 5326 1853 5389 tt*
