<?xml version="1.0" encoding="UTF-8"?>
<!DOCTYPE html PUBLIC "-//W3C//DTD XHTML 1.0 Transitional//EN"
    "http://www.w3.org/TR/xhtml1/DTD/xhtml1-transitional.dtd">
<html xmlns="http://www.w3.org/1999/xhtml" xml:lang="en" lang="en">
 <head>
  <title>
</title>
<meta http-equiv="Content-Type" content="text/html;charset=utf-8" />
  <meta name='ocr-system' content='tesseract 3.04.00' />
  <meta name='ocr-capabilities' content='ocr_page ocr_carea ocr_par ocr_line ocrx_word'/>
</head>
<body>
  <div class='ocr_page' id='page_1' title='image "./theodoriguiliel00juyngoog_0019.png"; bbox 0 0 5467 6500; ppageno 0'>
   <div class='ocr_carea' id='block_1_1' title="bbox 360 1036 2151 4990">
    <p class='ocr_par' dir='ltr' id='par_1_1' title="bbox 414 1036 2151 3009">
     <span class='ocr_line' id='line_1_1' title="bbox 420 1036 2102 1146; baseline 0.005 -22"><span class='ocrx_word' id='word_1_1' title='bbox 420 1057 591 1131; x_wconf 81' lang='lat' dir='ltr'><strong>maximam</strong></span> <span class='ocrx_word' id='word_1_2' title='bbox 622 1062 748 1143; x_wconf 87' lang='lat' dir='ltr'><strong>partem</strong></span> <span class='ocrx_word' id='word_1_3' title='bbox 772 1051 840 1121; x_wconf 87' lang='lat' dir='ltr'><strong>sirc</strong></span> <span class='ocrx_word' id='word_1_4' title='bbox 869 1050 903 1118; x_wconf 92' lang='lat' dir='ltr'><strong>in</strong></span> <span class='ocrx_word' id='word_1_5' title='bbox 931 1036 1036 1138; x_wconf 78' lang='lat' dir='ltr'><strong>majus</strong></span> <span class='ocrx_word' id='word_1_6' title='bbox 1063 1060 1177 1131; x_wconf 71' lang='lat' dir='ltr'><strong>numa,</strong></span> <span class='ocrx_word' id='word_1_7' title='bbox 1199 1049 1265 1117; x_wconf 85' lang='lat' dir='ltr'><strong>siro</strong></span> <span class='ocrx_word' id='word_1_8' title='bbox 1286 1070 1418 1140; x_wconf 87' lang='lat' dir='ltr'><strong>prorsus</strong></span> <span class='ocrx_word' id='word_1_9' title='bbox 1447 1049 1526 1117; x_wconf 80' lang='lat' dir='ltr'><strong>falsa</strong></span> <span class='ocrx_word' id='word_1_10' title='bbox 1559 1072 1641 1123; x_wconf 83' lang='lat' dir='ltr'><strong>esse.</strong></span> <span class='ocrx_word' id='word_1_11' title='bbox 1687 1052 1817 1123; x_wconf 77' lang='lat' dir='ltr'><strong>Etenim</strong></span> <span class='ocrx_word' id='word_1_12' title='bbox 1842 1055 1869 1123; x_wconf 93' lang='lat' dir='ltr'><strong>si</strong></span> <span class='ocrx_word' id='word_1_13' title='bbox 1890 1059 2044 1146; x_wconf 87' lang='lat' dir='ltr'><strong>majorem</strong></span> <span class='ocrx_word' id='word_1_14' title='bbox 2069 1072 2102 1134; x_wconf 81' lang='lat' dir='ltr'><strong>at</strong></span> 
     </span>
     <span class='ocr_line' id='line_1_2' title="bbox 420 1166 2103 1265; baseline 0.005 -26"><span class='ocrx_word' id='word_1_15' title='bbox 420 1173 646 1264; x_wconf 85' lang='lat' dir='ltr'><strong>praecipuam,</strong></span> <span class='ocrx_word' id='word_1_16' title='bbox 670 1172 735 1259; x_wconf 83' lang='lat' dir='ltr'><strong>quis</strong></span> <span class='ocrx_word' id='word_1_17' title='bbox 762 1169 848 1237; x_wconf 82' lang='lat' dir='ltr'><strong>(lans</strong></span> <span class='ocrx_word' id='word_1_18' title='bbox 878 1166 1069 1233; x_wconf 84' lang='lat' dir='ltr'><strong>samositana</strong></span> <span class='ocrx_word' id='word_1_19' title='bbox 1098 1167 1277 1256; x_wconf 88' lang='lat' dir='ltr'><strong>composita</strong></span> <span class='ocrx_word' id='word_1_20' title='bbox 1305 1167 1392 1246; x_wconf 84' lang='lat' dir='ltr'><strong>fuit,</strong></span> <span class='ocrx_word' id='word_1_21' title='bbox 1416 1178 1541 1257; x_wconf 86' lang='lat' dir='ltr'><strong>partem</strong></span> <span class='ocrx_word' id='word_1_22' title='bbox 1571 1168 1730 1250; x_wconf 88' lang='lat' dir='ltr'><strong>attendis,</strong></span> <span class='ocrx_word' id='word_1_23' title='bbox 1760 1171 1952 1243; x_wconf 88' lang='lat' dir='ltr'><strong>Samaritani</strong></span> <span class='ocrx_word' id='word_1_24' title='bbox 1980 1178 2103 1265; x_wconf 84' lang='lat' dir='ltr'><strong>posteri</strong></span> 
     </span>
     <span class='ocr_line' id='line_1_3' title="bbox 417 1279 2103 1383; baseline 0.004 -26"><span class='ocrx_word' id='word_1_25' title='bbox 417 1303 493 1359; x_wconf 87' lang='lat' dir='ltr'><strong>suut</strong></span> <span class='ocrx_word' id='word_1_26' title='bbox 510 1288 753 1364; x_wconf 75' lang='lat' dir='ltr'><strong>israelitarum,</strong></span> <span class='ocrx_word' id='word_1_27' title='bbox 775 1285 853 1375; x_wconf 90' lang='lat' dir='ltr'><strong>qui,</strong></span> <span class='ocrx_word' id='word_1_28' title='bbox 877 1284 988 1373; x_wconf 83' lang='lat' dir='ltr'><strong>lingua</strong></span> <span class='ocrx_word' id='word_1_29' title='bbox 1008 1279 1234 1371; x_wconf 87' lang='lat' dir='ltr'><strong>ephraimitico</strong></span> <span class='ocrx_word' id='word_1_30' title='bbox 1253 1303 1391 1361; x_wconf 83' lang='lat' dir='ltr'><strong>everso,</strong></span> <span class='ocrx_word' id='word_1_31' title='bbox 1416 1295 1449 1351; x_wconf 88' lang='lat' dir='ltr'><strong>et</strong></span> <span class='ocrx_word' id='word_1_32' title='bbox 1473 1282 1614 1351; x_wconf 78' lang='lat' dir='ltr'><strong>Samarii</strong></span> <span class='ocrx_word' id='word_1_33' title='bbox 1630 1285 1670 1351; x_wconf 90' lang='lat' dir='ltr'><strong>ab</strong></span> <span class='ocrx_word' id='word_1_34' title='bbox 1693 1286 1830 1376; x_wconf 74' lang='lat' dir='ltr'><strong>Assyriis</strong></span> <span class='ocrx_word' id='word_1_35' title='bbox 1850 1295 2050 1383; x_wconf 81' lang='lat' dir='ltr'><strong>expugnati,</strong></span> <span class='ocrx_word' id='word_1_36' title='bbox 2068 1296 2103 1364; x_wconf 89' lang='lat' dir='ltr'><strong>in</strong></span> 
     </span>
     <span class='ocr_line' id='line_1_4' title="bbox 418 1398 2101 1494; baseline -0.001 -17"><span class='ocrx_word' id='word_1_37' title='bbox 418 1406 596 1477; x_wconf 83' lang='lat' dir='ltr'><strong>Palaestini</strong></span> <span class='ocrx_word' id='word_1_38' title='bbox 621 1403 911 1493; x_wconf 75' lang='lat' dir='ltr'><strong>relinquebantur,</strong></span> <span class='ocrx_word' id='word_1_39' title='bbox 935 1409 1131 1489; x_wconf 85' lang='lat' dir='ltr'><strong>quapropter</strong></span> <span class='ocrx_word' id='word_1_40' title='bbox 1148 1399 1176 1465; x_wconf 91' lang='lat' dir='ltr'><strong>si</strong></span> <span class='ocrx_word' id='word_1_41' title='bbox 1196 1399 1269 1486; x_wconf 88' lang='lat' dir='ltr'><strong>quis</strong></span> <span class='ocrx_word' id='word_1_42' title='bbox 1291 1398 1395 1477; x_wconf 87' lang='lat' dir='ltr'><strong>alius,</strong></span> <span class='ocrx_word' id='word_1_43' title='bbox 1421 1398 1476 1465; x_wconf 88' lang='lat' dir='ltr'><strong>hic</strong></span> <span class='ocrx_word' id='word_1_44' title='bbox 1502 1398 1644 1490; x_wconf 86' lang='lat' dir='ltr'><strong>Populus</strong></span> <span class='ocrx_word' id='word_1_45' title='bbox 1674 1404 1818 1494; x_wconf 75' lang='lat' dir='ltr'><strong>inprimis</strong></span> <span class='ocrx_word' id='word_1_46' title='bbox 1845 1407 1995 1474; x_wconf 90' lang='lat' dir='ltr'><strong>nonnihil</strong></span> <span class='ocrx_word' id='word_1_47' title='bbox 2018 1430 2101 1475; x_wconf 86' lang='lat' dir='ltr'><strong>con-</strong></span> 
     </span>
     <span class='ocr_line' id='line_1_5' title="bbox 419 1513 2102 1613; baseline 0.001 -22"><span class='ocrx_word' id='word_1_48' title='bbox 419 1525 504 1591; x_wconf 87' lang='lat' dir='ltr'><strong>icrre</strong></span> <span class='ocrx_word' id='word_1_49' title='bbox 523 1535 630 1613; x_wconf 89' lang='lat' dir='ltr'><strong>potest</strong></span> <span class='ocrx_word' id='word_1_50' title='bbox 647 1520 687 1587; x_wconf 86' lang='lat' dir='ltr'><strong>ad</strong></span> <span class='ocrx_word' id='word_1_51' title='bbox 709 1542 758 1588; x_wconf 89' lang='lat' dir='ltr'><strong>res</strong></span> <span class='ocrx_word' id='word_1_52' title='bbox 780 1526 928 1583; x_wconf 75' lang='lat' dir='ltr'><strong>sermm</strong></span> <span class='ocrx_word' id='word_1_53' title='bbox 941 1516 1178 1583; x_wconf 77' lang='lat' dir='ltr'><strong><em>Hebraeorum</em></strong></span> <span class='ocrx_word' id='word_1_54' title='bbox 1197 1513 1416 1584; x_wconf 86' lang='lat' dir='ltr'><strong>illustrandas.</strong></span> <span class='ocrx_word' id='word_1_55' title='bbox 1463 1517 1531 1583; x_wconf 88' lang='lat' dir='ltr'><strong>liae</strong></span> <span class='ocrx_word' id='word_1_56' title='bbox 1552 1518 1675 1585; x_wconf 90' lang='lat' dir='ltr'><strong>scilicet</strong></span> <span class='ocrx_word' id='word_1_57' title='bbox 1695 1520 1722 1585; x_wconf 91' lang='lat' dir='ltr'><strong>si</strong></span> <span class='ocrx_word' id='word_1_58' title='bbox 1743 1542 1780 1586; x_wconf 85' lang='lat' dir='ltr'><strong>ex</strong></span> <span class='ocrx_word' id='word_1_59' title='bbox 1799 1521 1874 1589; x_wconf 88' lang='lat' dir='ltr'><strong>solis</strong></span> <span class='ocrx_word' id='word_1_60' title='bbox 1885 1522 2102 1593; x_wconf 84' lang='lat' dir='ltr'><strong>Judaeoram</strong></span> 
     </span>
     <span class='ocr_line' id='line_1_6' title="bbox 418 1632 2101 1731; baseline 0.001 -23"><span class='ocrx_word' id='word_1_61' title='bbox 418 1640 577 1731; x_wconf 78' lang='lat' dir='ltr'><strong>Scriptis,</strong></span> <span class='ocrx_word' id='word_1_62' title='bbox 604 1649 643 1705; x_wconf 90' lang='lat' dir='ltr'><strong>ut</strong></span> <span class='ocrx_word' id='word_1_63' title='bbox 660 1634 777 1725; x_wconf 78' lang='lat' dir='ltr'><strong>vulgo,</strong></span> <span class='ocrx_word' id='word_1_64' title='bbox 799 1634 1012 1723; x_wconf 70' lang='lat' dir='ltr'><strong>indagantur,</strong></span> <span class='ocrx_word' id='word_1_65' title='bbox 1037 1633 1178 1722; x_wconf 88' lang='lat' dir='ltr'><strong>ipsarum</strong></span> <span class='ocrx_word' id='word_1_66' title='bbox 1195 1632 1339 1720; x_wconf 77' lang='lat' dir='ltr'><strong>cognitio</strong></span> <span class='ocrx_word' id='word_1_67' title='bbox 1359 1643 1399 1721; x_wconf 83' lang='lat' dir='ltr'><strong>ut</strong></span> <span class='ocrx_word' id='word_1_68' title='bbox 1416 1654 1528 1700; x_wconf 88' lang='lat' dir='ltr'><strong>manca</strong></span> <span class='ocrx_word' id='word_1_69' title='bbox 1549 1636 1589 1701; x_wconf 91' lang='lat' dir='ltr'><strong>sit</strong></span> <span class='ocrx_word' id='word_1_70' title='bbox 1608 1648 1642 1705; x_wconf 89' lang='lat' dir='ltr'><strong>at</strong></span> <span class='ocrx_word' id='word_1_71' title='bbox 1661 1636 1873 1727; x_wconf 77' lang='lat' dir='ltr'><strong>imperfecta,</strong></span> <span class='ocrx_word' id='word_1_72' title='bbox 1895 1662 2023 1707; x_wconf 89' lang='lat' dir='ltr'><strong>necesse</strong></span> <span class='ocrx_word' id='word_1_73' title='bbox 2039 1654 2101 1715; x_wconf 85' lang='lat' dir='ltr'><strong>cst.</strong></span> 
     </span>
     <span class='ocr_line' id='line_1_7' title="bbox 419 1747 2102 1844; baseline 0.003 -22"><span class='ocrx_word' id='word_1_74' title='bbox 419 1756 488 1823; x_wconf 87' lang='lat' dir='ltr'><strong>Nec</strong></span> <span class='ocrx_word' id='word_1_75' title='bbox 518 1755 658 1821; x_wconf 90' lang='lat' dir='ltr'><strong>multum</strong></span> <span class='ocrx_word' id='word_1_76' title='bbox 680 1751 760 1817; x_wconf 87' lang='lat' dir='ltr'><strong>haec</strong></span> <span class='ocrx_word' id='word_1_77' title='bbox 787 1750 950 1840; x_wconf 76' lang='lat' dir='ltr'><strong>indagatio</strong></span> <span class='ocrx_word' id='word_1_78' title='bbox 967 1771 1044 1815; x_wconf 90' lang='lat' dir='ltr'><strong>saue</strong></span> <span class='ocrx_word' id='word_1_79' title='bbox 1072 1748 1179 1813; x_wconf 76' lang='lat' dir='ltr'><strong>differt</strong></span> <span class='ocrx_word' id='word_1_80' title='bbox 1201 1747 1243 1815; x_wconf 89' lang='lat' dir='ltr'><strong>ab</strong></span> <span class='ocrx_word' id='word_1_81' title='bbox 1265 1748 1335 1835; x_wconf 89' lang='lat' dir='ltr'><strong>ejus</strong></span> <span class='ocrx_word' id='word_1_82' title='bbox 1364 1750 1501 1831; x_wconf 88' lang='lat' dir='ltr'><strong>studiis,</strong></span> <span class='ocrx_word' id='word_1_83' title='bbox 1527 1753 1582 1841; x_wconf 93' lang='lat' dir='ltr'><strong>qui</strong></span> <span class='ocrx_word' id='word_1_84' title='bbox 1604 1766 1640 1821; x_wconf 90' lang='lat' dir='ltr'><strong>ut</strong></span> <span class='ocrx_word' id='word_1_85' title='bbox 1659 1754 1816 1844; x_wconf 88' lang='lat' dir='ltr'><strong>integram</strong></span> <span class='ocrx_word' id='word_1_86' title='bbox 1841 1754 1951 1822; x_wconf 89' lang='lat' dir='ltr'><strong>Gentis</strong></span> <span class='ocrx_word' id='word_1_87' title='bbox 1973 1772 2102 1827; x_wconf 85' lang='lat' dir='ltr'><strong>nostrae</strong></span> 
     </span>
     <span class='ocr_line' id='line_1_8' title="bbox 418 1864 2100 1960; baseline -0.001 -21"><span class='ocrx_word' id='word_1_88' title='bbox 418 1873 597 1959; x_wconf 64' lang='lat' dir='ltr'><strong>universaej</strong></span> <span class='ocrx_word' id='word_1_89' title='bbox 613 1871 785 1960; x_wconf 78' lang='lat' dir='ltr'><strong>imaginem</strong></span> <span class='ocrx_word' id='word_1_90' title='bbox 808 1866 873 1935; x_wconf 89' lang='lat' dir='ltr'><strong>sibi</strong></span> <span class='ocrx_word' id='word_1_91' title='bbox 893 1866 1070 1945; x_wconf 84' lang='lat' dir='ltr'><strong>informet,</strong></span> <span class='ocrx_word' id='word_1_92' title='bbox 1093 1865 1175 1933; x_wconf 90' lang='lat' dir='ltr'><strong>solas</strong></span> <span class='ocrx_word' id='word_1_93' title='bbox 1203 1864 1386 1931; x_wconf 79' lang='lat' dir='ltr'><strong>Prouincias</strong></span> <span class='ocrx_word' id='word_1_94' title='bbox 1419 1870 1704 1957; x_wconf 84' lang='lat' dir='ltr'><strong>septentrionales,</strong></span> <span class='ocrx_word' id='word_1_95' title='bbox 1729 1872 1853 1939; x_wconf 78' lang='lat' dir='ltr'><strong>uolasse</strong></span> <span class='ocrx_word' id='word_1_96' title='bbox 1873 1872 2100 1939; x_wconf 89' lang='lat' dir='ltr'><strong>meridionales</strong></span> 
     </span>
     <span class='ocr_line' id='line_1_9' title="bbox 417 1979 2101 2077; baseline 0.001 -25"><span class='ocrx_word' id='word_1_97' title='bbox 417 1985 609 2056; x_wconf 83' lang='lat' dir='ltr'><strong>consideret.</strong></span> <span class='ocrx_word' id='word_1_98' title='bbox 647 1986 683 2054; x_wconf 91' lang='lat' dir='ltr'><strong>Si</strong></span> <span class='ocrx_word' id='word_1_99' title='bbox 704 1984 833 2077; x_wconf 91' lang='lat' dir='ltr'><strong>quaudo</strong></span> <span class='ocrx_word' id='word_1_100' title='bbox 844 1987 962 2051; x_wconf 87' lang='lat' dir='ltr'><strong>altera</strong></span> <span class='ocrx_word' id='word_1_101' title='bbox 975 2006 1071 2073; x_wconf 82' lang='lat' dir='ltr'><strong>pars</strong></span> <span class='ocrx_word' id='word_1_102' title='bbox 1088 1982 1266 2049; x_wconf 64' lang='lat' dir='ltr'><strong>uuanda</strong></span> <span class='ocrx_word' id='word_1_103' title='bbox 1282 1982 1323 2047; x_wconf 91' lang='lat' dir='ltr'><strong>sit</strong></span> <span class='ocrx_word' id='word_1_104' title='bbox 1335 2032 1346 2065; x_wconf 89' lang='lat'><strong>,</strong></span> <span class='ocrx_word' id='word_1_105' title='bbox 1358 1979 1437 2049; x_wconf 88' lang='lat' dir='ltr'><strong>haec</strong></span> <span class='ocrx_word' id='word_1_106' title='bbox 1457 1987 1655 2073; x_wconf 88' lang='lat' dir='ltr'><strong>potissimum</strong></span> <span class='ocrx_word' id='word_1_107' title='bbox 1668 1991 1869 2068; x_wconf 89' lang='lat' dir='ltr'><strong>consulatur,</strong></span> <span class='ocrx_word' id='word_1_108' title='bbox 1883 1989 1941 2055; x_wconf 87' lang='lat' dir='ltr'><strong>nbi</strong></span> <span class='ocrx_word' id='word_1_109' title='bbox 1961 1988 2001 2054; x_wconf 88' lang='lat' dir='ltr'><strong>de</strong></span> <span class='ocrx_word' id='word_1_110' title='bbox 2014 1989 2101 2056; x_wconf 88' lang='lat' dir='ltr'><strong>Gon·</strong></span> 
     </span>
     <span class='ocr_line' id='line_1_10' title="bbox 417 2099 2102 2196; baseline 0 -26"><span class='ocrx_word' id='word_1_111' title='bbox 417 2106 504 2171; x_wconf 90' lang='lat' dir='ltr'><strong>tibus</strong></span> <span class='ocrx_word' id='word_1_112' title='bbox 515 2103 645 2195; x_wconf 88' lang='lat' dir='ltr'><strong>agitur,</strong></span> <span class='ocrx_word' id='word_1_113' title='bbox 667 2126 751 2193; x_wconf 89' lang='lat' dir='ltr'><strong>quae</strong></span> <span class='ocrx_word' id='word_1_114' title='bbox 769 2104 804 2170; x_wconf 91' lang='lat' dir='ltr'><strong>in</strong></span> <span class='ocrx_word' id='word_1_115' title='bbox 824 2102 902 2170; x_wconf 89' lang='lat' dir='ltr'><strong>duas</strong></span> <span class='ocrx_word' id='word_1_116' title='bbox 923 2114 1030 2191; x_wconf 84' lang='lat' dir='ltr'><strong>partes</strong></span> <span class='ocrx_word' id='word_1_117' title='bbox 1052 2100 1166 2167; x_wconf 89' lang='lat' dir='ltr'><strong>scissae</strong></span> <span class='ocrx_word' id='word_1_118' title='bbox 1184 2111 1272 2168; x_wconf 85' lang='lat' dir='ltr'><strong>sunt.</strong></span> <span class='ocrx_word' id='word_1_119' title='bbox 1302 2099 1425 2165; x_wconf 82' lang='lat' dir='ltr'><strong>ilerum</strong></span> <span class='ocrx_word' id='word_1_120' title='bbox 1446 2122 1496 2165; x_wconf 90' lang='lat' dir='ltr'><strong>res</strong></span> <span class='ocrx_word' id='word_1_121' title='bbox 1517 2102 1671 2167; x_wconf 90' lang='lat' dir='ltr'><strong>nimirum</strong></span> <span class='ocrx_word' id='word_1_122' title='bbox 1683 2112 1764 2170; x_wconf 86' lang='lat' dir='ltr'><strong>ante</strong></span> <span class='ocrx_word' id='word_1_123' title='bbox 1782 2108 1984 2171; x_wconf 77' lang='lat' dir='ltr'><strong>scissionem</strong></span> <span class='ocrx_word' id='word_1_124' title='bbox 1996 2117 2102 2196; x_wconf 85' lang='lat' dir='ltr'><strong>gestae</strong></span> 
     </span>
     <span class='ocr_line' id='line_1_11' title="bbox 417 2202 2101 2308; baseline -0.001 -19"><span class='ocrx_word' id='word_1_125' title='bbox 417 2244 484 2289; x_wconf 90' lang='lat' dir='ltr'><strong>non</strong></span> <span class='ocrx_word' id='word_1_126' title='bbox 511 2219 608 2288; x_wconf 91' lang='lat' dir='ltr'><strong>modo</strong></span> <span class='ocrx_word' id='word_1_127' title='bbox 637 2219 777 2287; x_wconf 79' lang='lat' dir='ltr'><strong>invicem</strong></span> <span class='ocrx_word' id='word_1_128' title='bbox 805 2240 871 2287; x_wconf 88' lang='lat' dir='ltr'><strong>sese</strong></span> <span class='ocrx_word' id='word_1_129' title='bbox 905 2216 1090 2293; x_wconf 87' lang='lat' dir='ltr'><strong>illustrant,</strong></span> <span class='ocrx_word' id='word_1_130' title='bbox 1113 2214 1169 2281; x_wconf 90' lang='lat' dir='ltr'><strong>sed</strong></span> <span class='ocrx_word' id='word_1_131' title='bbox 1195 2215 1294 2281; x_wconf 86' lang='lat' dir='ltr'><strong>etiam</strong></span> <span class='ocrx_word' id='word_1_132' title='bbox 1322 2236 1411 2302; x_wconf 83' lang='lat' dir='ltr'><strong>quae</strong></span> <span class='ocrx_word' id='word_1_133' title='bbox 1436 2224 1557 2303; x_wconf 86' lang='lat' dir='ltr'><strong>postea</strong></span> <span class='ocrx_word' id='word_1_134' title='bbox 1580 2219 1623 2284; x_wconf 84' lang='lat' dir='ltr'><strong>ab</strong></span> <span class='ocrx_word' id='word_1_135' title='bbox 1645 2222 1793 2308; x_wconf 71' lang='lat' dir='ltr'><strong>atraque</strong></span> <span class='ocrx_word' id='word_1_136' title='bbox 1826 2220 1931 2287; x_wconf 79' lang='lat' dir='ltr'><strong>Gente</strong></span> <span class='ocrx_word' id='word_1_137' title='bbox 1953 2202 2101 2287; x_wconf 82' lang='lat' dir='ltr'><strong>seorsim</strong></span> 
     </span>
     <span class='ocr_line' id='line_1_12' title="bbox 414 2329 2101 2428; baseline 0.001 -26"><span class='ocrx_word' id='word_1_138' title='bbox 414 2343 610 2428; x_wconf 82' lang='lat' dir='ltr'><strong>geruntur,</strong></span> <span class='ocrx_word' id='word_1_139' title='bbox 633 2345 708 2403; x_wconf 91' lang='lat' dir='ltr'><strong>ante</strong></span> <span class='ocrx_word' id='word_1_140' title='bbox 727 2335 812 2401; x_wconf 86' lang='lat' dir='ltr'><strong>iacta</strong></span> <span class='ocrx_word' id='word_1_141' title='bbox 840 2332 941 2422; x_wconf 88' lang='lat' dir='ltr'><strong>magis</strong></span> <span class='ocrx_word' id='word_1_142' title='bbox 957 2329 1120 2420; x_wconf 83' lang='lat' dir='ltr'><strong>explicant</strong></span> <span class='ocrx_word' id='word_1_143' title='bbox 1146 2332 1352 2421; x_wconf 84' lang='lat' dir='ltr'><strong>saepissime,</strong></span> <span class='ocrx_word' id='word_1_144' title='bbox 1376 2350 1413 2396; x_wconf 86' lang='lat' dir='ltr'><strong>ac</strong></span> <span class='ocrx_word' id='word_1_145' title='bbox 1439 2335 1581 2422; x_wconf 87' lang='lat' dir='ltr'><strong>penitius</strong></span> <span class='ocrx_word' id='word_1_146' title='bbox 1607 2336 1640 2404; x_wconf 93' lang='lat' dir='ltr'><strong>in</strong></span> <span class='ocrx_word' id='word_1_147' title='bbox 1654 2337 1849 2407; x_wconf 63' lang='lat' dir='ltr'><strong>,interiorem</strong></span> <span class='ocrx_word' id='word_1_148' title='bbox 1870 2338 1968 2405; x_wconf 90' lang='lat' dir='ltr'><strong>totius</strong></span> <span class='ocrx_word' id='word_1_149' title='bbox 1989 2338 2101 2406; x_wconf 87' lang='lat' dir='ltr'><strong>Gentis</strong></span> 
     </span>
     <span class='ocr_line' id='line_1_13' title="bbox 419 2448 2102 2544; baseline -0.001 -23"><span class='ocrx_word' id='word_1_150' title='bbox 419 2454 585 2544; x_wconf 82' lang='lat' dir='ltr'><strong>quondam</strong></span> <span class='ocrx_word' id='word_1_151' title='bbox 602 2453 795 2540; x_wconf 88' lang='lat' dir='ltr'><strong>conjunctae</strong></span> <span class='ocrx_word' id='word_1_152' title='bbox 815 2448 964 2517; x_wconf 88' lang='lat' dir='ltr'><strong>notitiam</strong></span> <span class='ocrx_word' id='word_1_153' title='bbox 981 2470 1040 2514; x_wconf 90' lang='lat' dir='ltr'><strong>nos</strong></span> <span class='ocrx_word' id='word_1_154' title='bbox 1053 2448 1226 2518; x_wconf 90' lang='lat' dir='ltr'><strong>insinuant.</strong></span> <span class='ocrx_word' id='word_1_155' title='bbox 1274 2448 1422 2537; x_wconf 84' lang='lat' dir='ltr'><strong>Namque</strong></span> <span class='ocrx_word' id='word_1_156' title='bbox 1441 2452 1546 2518; x_wconf 88' lang='lat' dir='ltr'><strong>omnia</strong></span> <span class='ocrx_word' id='word_1_157' title='bbox 1565 2453 1744 2521; x_wconf 89' lang='lat' dir='ltr'><strong>communis</strong></span> <span class='ocrx_word' id='word_1_158' title='bbox 1764 2456 1895 2544; x_wconf 88' lang='lat' dir='ltr'><strong>originis</strong></span> <span class='ocrx_word' id='word_1_159' title='bbox 1918 2455 2035 2521; x_wconf 90' lang='lat' dir='ltr'><strong>indicia</strong></span> <span class='ocrx_word' id='word_1_160' title='bbox 2059 2478 2102 2529; x_wconf 82' lang='lat' dir='ltr'><strong>na</strong></span> 
     </span>
     <span class='ocr_line' id='line_1_14' title="bbox 418 2564 2101 2661; baseline -0.002 -22"><span class='ocrx_word' id='word_1_161' title='bbox 418 2571 526 2639; x_wconf 88' lang='lat' dir='ltr'><strong>secula</strong></span> <span class='ocrx_word' id='word_1_162' title='bbox 546 2570 680 2661; x_wconf 86' lang='lat' dir='ltr'><strong>quidem</strong></span> <span class='ocrx_word' id='word_1_163' title='bbox 703 2566 834 2645; x_wconf 90' lang='lat' dir='ltr'><strong>delent;</strong></span> <span class='ocrx_word' id='word_1_164' title='bbox 851 2588 888 2633; x_wconf 88' lang='lat' dir='ltr'><strong>ea</strong></span> <span class='ocrx_word' id='word_1_165' title='bbox 905 2588 1007 2645; x_wconf 82' lang='lat' dir='ltr'><strong>sero,</strong></span> <span class='ocrx_word' id='word_1_166' title='bbox 1029 2564 1148 2654; x_wconf 89' lang='lat' dir='ltr'><strong>quibus</strong></span> <span class='ocrx_word' id='word_1_167' title='bbox 1159 2564 1334 2643; x_wconf 81' lang='lat' dir='ltr'><strong>differunt,</strong></span> <span class='ocrx_word' id='word_1_168' title='bbox 1354 2580 1429 2657; x_wconf 90' lang='lat' dir='ltr'><strong>post</strong></span> <span class='ocrx_word' id='word_1_169' title='bbox 1441 2566 1622 2636; x_wconf 80' lang='lat' dir='ltr'><strong>scissionem</strong></span> <span class='ocrx_word' id='word_1_170' title='bbox 1642 2574 1828 2659; x_wconf 88' lang='lat' dir='ltr'><strong>praesertim</strong></span> <span class='ocrx_word' id='word_1_171' title='bbox 1844 2572 2101 2637; x_wconf 76' lang='lat' dir='ltr'><strong>manifestissima</strong></span> 
     </span>
     <span class='ocr_line' id='line_1_15' title="bbox 419 2681 2101 2777; baseline -0.001 -24"><span class='ocrx_word' id='word_1_172' title='bbox 419 2690 527 2766; x_wconf 87' lang='lat' dir='ltr'><strong>liunt,</strong></span> <span class='ocrx_word' id='word_1_173' title='bbox 551 2700 584 2755; x_wconf 90' lang='lat' dir='ltr'><strong>et</strong></span> <span class='ocrx_word' id='word_1_174' title='bbox 606 2688 697 2777; x_wconf 78' lang='lat' dir='ltr'><strong>priva</strong></span> <span class='ocrx_word' id='word_1_175' title='bbox 719 2683 918 2774; x_wconf 85' lang='lat' dir='ltr'><strong>singularum</strong></span> <span class='ocrx_word' id='word_1_176' title='bbox 937 2683 1079 2769; x_wconf 84' lang='lat' dir='ltr'><strong>partium</strong></span> <span class='ocrx_word' id='word_1_177' title='bbox 1099 2682 1205 2748; x_wconf 88' lang='lat' dir='ltr'><strong>studia</strong></span> <span class='ocrx_word' id='word_1_178' title='bbox 1227 2695 1259 2748; x_wconf 90' lang='lat' dir='ltr'><strong>ct</strong></span> <span class='ocrx_word' id='word_1_179' title='bbox 1279 2681 1424 2761; x_wconf 85' lang='lat' dir='ltr'><strong>indoles,</strong></span> <span class='ocrx_word' id='word_1_180' title='bbox 1449 2702 1532 2769; x_wconf 86' lang='lat' dir='ltr'><strong>qnae</strong></span> <span class='ocrx_word' id='word_1_181' title='bbox 1556 2683 1850 2753; x_wconf 76' lang='lat' dir='ltr'><strong>scissionemanses</strong></span> <span class='ocrx_word' id='word_1_182' title='bbox 1869 2697 2043 2775; x_wconf 88' lang='lat' dir='ltr'><strong>pararant,</strong></span> <span class='ocrx_word' id='word_1_183' title='bbox 2067 2698 2101 2751; x_wconf 92' lang='lat' dir='ltr'><strong>et</strong></span> 
     </span>
     <span class='ocr_line' id='line_1_16' title="bbox 418 2796 2151 2893; baseline 0.001 -24"><span class='ocrx_word' id='word_1_184' title='bbox 418 2802 538 2869; x_wconf 90' lang='lat' dir='ltr'><strong>deinde</strong></span> <span class='ocrx_word' id='word_1_185' title='bbox 558 2801 688 2887; x_wconf 84' lang='lat' dir='ltr'><strong>majoris</strong></span> <span class='ocrx_word' id='word_1_186' title='bbox 707 2799 740 2866; x_wconf 91' lang='lat' dir='ltr'><strong>iu</strong></span> <span class='ocrx_word' id='word_1_187' title='bbox 762 2799 830 2866; x_wconf 88' lang='lat' dir='ltr'><strong>dies</strong></span> <span class='ocrx_word' id='word_1_188' title='bbox 849 2796 1046 2865; x_wconf 82' lang='lat' dir='ltr'><strong>differentiae</strong></span> <span class='ocrx_word' id='word_1_189' title='bbox 1062 2820 1175 2863; x_wconf 86' lang='lat' dir='ltr'><strong>causae</strong></span> <span class='ocrx_word' id='word_1_190' title='bbox 1197 2809 1294 2877; x_wconf 89' lang='lat' dir='ltr'><strong>sunt,</strong></span> <span class='ocrx_word' id='word_1_191' title='bbox 1318 2804 1396 2865; x_wconf 87' lang='lat' dir='ltr'><strong>tune</strong></span> <span class='ocrx_word' id='word_1_192' title='bbox 1420 2799 1557 2865; x_wconf 85' lang='lat' dir='ltr'><strong>maxime</strong></span> <span class='ocrx_word' id='word_1_193' title='bbox 1580 2800 1809 2881; x_wconf 77' lang='lat' dir='ltr'><strong>enucleantur,</strong></span> <span class='ocrx_word' id='word_1_194' title='bbox 1834 2824 1932 2890; x_wconf 91' lang='lat' dir='ltr'><strong>quum</strong></span> <span class='ocrx_word' id='word_1_195' title='bbox 1954 2824 2101 2893; x_wconf 85' lang='lat' dir='ltr'><strong>quaeque</strong></span> <span class='ocrx_word' id='word_1_196' title='bbox 2148 2882 2151 2887; x_wconf 27' lang='lat'>¹</span> 
     </span>
     <span class='ocr_line' id='line_1_17' title="bbox 418 2912 2067 3009; baseline 0.004 -25"><span class='ocrx_word' id='word_1_197' title='bbox 418 2942 492 3009; x_wconf 90' lang='lat' dir='ltr'><strong>pars</strong></span> <span class='ocrx_word' id='word_1_198' title='bbox 512 2918 682 3006; x_wconf 87' lang='lat' dir='ltr'><strong>separatim</strong></span> <span class='ocrx_word' id='word_1_199' title='bbox 700 2918 768 3006; x_wconf 87' lang='lat' dir='ltr'><strong>ipsa</strong></span> <span class='ocrx_word' id='word_1_200' title='bbox 789 2916 875 3003; x_wconf 87' lang='lat' dir='ltr'><strong>agit,</strong></span> <span class='ocrx_word' id='word_1_201' title='bbox 899 2934 959 2979; x_wconf 89' lang='lat' dir='ltr'><strong>uec</strong></span> <span class='ocrx_word' id='word_1_202' title='bbox 976 2935 1046 2981; x_wconf 87' lang='lat' dir='ltr'><strong>eam</strong></span> <span class='ocrx_word' id='word_1_203' title='bbox 1064 2912 1223 3003; x_wconf 84' lang='lat' dir='ltr'><strong>amplius,</strong></span> <span class='ocrx_word' id='word_1_204' title='bbox 1248 2937 1344 3005; x_wconf 87' lang='lat' dir='ltr'><strong>quam</strong></span> <span class='ocrx_word' id='word_1_205' title='bbox 1363 2928 1438 2983; x_wconf 89' lang='lat' dir='ltr'><strong>ante</strong></span> <span class='ocrx_word' id='word_1_206' title='bbox 1447 2962 1458 2997; x_wconf 88' lang='lat'><strong>,</strong></span> <span class='ocrx_word' id='word_1_207' title='bbox 1482 2916 1655 2987; x_wconf 83' lang='lat' dir='ltr'><strong>efficaciam</strong></span> <span class='ocrx_word' id='word_1_208' title='bbox 1678 2920 1712 2986; x_wconf 92' lang='lat' dir='ltr'><strong>in</strong></span> <span class='ocrx_word' id='word_1_209' title='bbox 1728 2942 1761 2985; x_wconf 87' lang='lat' dir='ltr'><strong>se</strong></span> <span class='ocrx_word' id='word_1_210' title='bbox 1779 2919 1918 2987; x_wconf 78' lang='lat' dir='ltr'><strong>invicem</strong></span> <span class='ocrx_word' id='word_1_211' title='bbox 1941 2921 2067 2991; x_wconf 81' lang='lat' dir='ltr'><strong>exserit.</strong></span> 
     </span>
    </p>

    <p class='ocr_par' dir='ltr' id='par_1_2' title="bbox 415 3029 2125 4291">
     <span class='ocr_line' id='line_1_18' title="bbox 464 3029 2101 3125; baseline 0.001 -24"><span class='ocrx_word' id='word_1_212' title='bbox 464 3039 552 3121; x_wconf 79' lang='lat' dir='ltr'><strong>Quae</strong></span> <span class='ocrx_word' id='word_1_213' title='bbox 575 3055 650 3101; x_wconf 91' lang='lat' dir='ltr'><strong>cum</strong></span> <span class='ocrx_word' id='word_1_214' title='bbox 668 3035 713 3099; x_wconf 89' lang='lat' dir='ltr'><strong>ita</strong></span> <span class='ocrx_word' id='word_1_215' title='bbox 732 3033 816 3109; x_wconf 86' lang='lat' dir='ltr'><strong>sint,</strong></span> <span class='ocrx_word' id='word_1_216' title='bbox 839 3029 987 3120; x_wconf 84' lang='lat' dir='ltr'><strong>proiecto</strong></span> <span class='ocrx_word' id='word_1_217' title='bbox 1016 3030 1192 3098; x_wconf 90' lang='lat' dir='ltr'><strong>dolendum</strong></span> <span class='ocrx_word' id='word_1_218' title='bbox 1210 3042 1280 3112; x_wconf 89' lang='lat' dir='ltr'><strong>est,</strong></span> <span class='ocrx_word' id='word_1_219' title='bbox 1304 3030 1444 3099; x_wconf 82' lang='lat' dir='ltr'><strong>fontium</strong></span> <span class='ocrx_word' id='word_1_220' title='bbox 1466 3048 1674 3125; x_wconf 85' lang='lat' dir='ltr'><strong>apparatum,</strong></span> <span class='ocrx_word' id='word_1_221' title='bbox 1699 3058 1764 3125; x_wconf 92' lang='lat' dir='ltr'><strong>quo</strong></span> <span class='ocrx_word' id='word_1_222' title='bbox 1783 3036 1962 3125; x_wconf 90' lang='lat' dir='ltr'><strong>pleniorem</strong></span> <span class='ocrx_word' id='word_1_223' title='bbox 1982 3035 2023 3102; x_wconf 90' lang='lat' dir='ltr'><strong>de</strong></span> <span class='ocrx_word' id='word_1_224' title='bbox 2040 3035 2101 3103; x_wconf 88' lang='lat' dir='ltr'><strong>Sa·</strong></span> 
     </span>
     <span class='ocr_line' id='line_1_19' title="bbox 417 3140 2125 3243; baseline -0.001 -22"><span class='ocrx_word' id='word_1_225' title='bbox 417 3153 581 3221; x_wconf 89' lang='lat' dir='ltr'><strong>maritanis</strong></span> <span class='ocrx_word' id='word_1_226' title='bbox 601 3151 750 3219; x_wconf 82' lang='lat' dir='ltr'><strong>notitiem</strong></span> <span class='ocrx_word' id='word_1_227' title='bbox 772 3147 986 3237; x_wconf 84' lang='lat' dir='ltr'><strong>accipiamus,</strong></span> <span class='ocrx_word' id='word_1_228' title='bbox 1011 3147 1090 3215; x_wconf 89' lang='lat' dir='ltr'><strong>adeo</strong></span> <span class='ocrx_word' id='word_1_229' title='bbox 1110 3149 1260 3237; x_wconf 83' lang='lat' dir='ltr'><strong>exiguum</strong></span> <span class='ocrx_word' id='word_1_230' title='bbox 1280 3168 1360 3214; x_wconf 89' lang='lat' dir='ltr'><strong>esse.</strong></span> <span class='ocrx_word' id='word_1_231' title='bbox 1409 3147 1715 3219; x_wconf 78' lang='lat' dir='ltr'><strong>Samaritanorum</strong></span> <span class='ocrx_word' id='word_1_232' title='bbox 1735 3152 1875 3221; x_wconf 74' lang='lat' dir='ltr'><strong>Annales</strong></span> <span class='ocrx_word' id='word_1_233' title='bbox 1890 3154 1986 3243; x_wconf 89' lang='lat' dir='ltr'><strong>pauci</strong></span> <span class='ocrx_word' id='word_1_234' title='bbox 2001 3164 2076 3221; x_wconf 89' lang='lat' dir='ltr'><strong>sant</strong></span> <span class='ocrx_word' id='word_1_235' title='bbox 2087 3202 2098 3237; x_wconf 91' lang='lat'><strong>,</strong></span> <span class='ocrx_word' id='word_1_236' title='bbox 2120 3140 2125 3153; x_wconf 73' lang='grc'><strong>’</strong></span> 
     </span>
     <span class='ocr_line' id='line_1_20' title="bbox 418 3265 2098 3355; baseline -0.002 -16"><span class='ocrx_word' id='word_1_237' title='bbox 418 3283 451 3339; x_wconf 90' lang='lat' dir='ltr'><strong>et</strong></span> <span class='ocrx_word' id='word_1_238' title='bbox 480 3271 695 3350; x_wconf 87' lang='lat' dir='ltr'><strong>recentiores,</strong></span> <span class='ocrx_word' id='word_1_239' title='bbox 719 3266 884 3355; x_wconf 87' lang='lat' dir='ltr'><strong>adeoque,</strong></span> <span class='ocrx_word' id='word_1_240' title='bbox 910 3266 936 3331; x_wconf 93' lang='lat' dir='ltr'><strong>si</strong></span> <span class='ocrx_word' id='word_1_241' title='bbox 968 3266 1039 3354; x_wconf 89' lang='lat' dir='ltr'><strong>quis</strong></span> <span class='ocrx_word' id='word_1_242' title='bbox 1067 3266 1283 3355; x_wconf 88' lang='lat' dir='ltr'><strong>antiquiorem</strong></span> <span class='ocrx_word' id='word_1_243' title='bbox 1311 3265 1421 3334; x_wconf 85' lang='lat' dir='ltr'><strong>Gentis</strong></span> <span class='ocrx_word' id='word_1_244' title='bbox 1450 3267 1669 3338; x_wconf 88' lang='lat' dir='ltr'><strong>conditionem</strong></span> <span class='ocrx_word' id='word_1_245' title='bbox 1696 3293 1733 3338; x_wconf 89' lang='lat' dir='ltr'><strong>er</strong></span> <span class='ocrx_word' id='word_1_246' title='bbox 1757 3271 1795 3337; x_wconf 89' lang='lat' dir='ltr'><strong>iis</strong></span> <span class='ocrx_word' id='word_1_247' title='bbox 1822 3271 1982 3338; x_wconf 88' lang='lat' dir='ltr'><strong>illustrare</strong></span> <span class='ocrx_word' id='word_1_248' title='bbox 2000 3271 2098 3351; x_wconf 79' lang='lat' dir='ltr'><strong>velit,</strong></span> 
     </span>
     <span class='ocr_line' id='line_1_21' title="bbox 416 3382 2098 3474; baseline -0.002 -19"><span class='ocrx_word' id='word_1_249' title='bbox 416 3391 541 3456; x_wconf 77' lang='lat' dir='ltr'><strong>summi</strong></span> <span class='ocrx_word' id='word_1_250' title='bbox 559 3410 632 3453; x_wconf 89' lang='lat' dir='ltr'><strong>eum</strong></span> <span class='ocrx_word' id='word_1_251' title='bbox 647 3385 817 3474; x_wconf 80' lang='lat' dir='ltr'><strong>prudentii</strong></span> <span class='ocrx_word' id='word_1_252' title='bbox 836 3383 894 3448; x_wconf 88' lang='lat' dir='ltr'><strong>hos</strong></span> <span class='ocrx_word' id='word_1_253' title='bbox 913 3382 1070 3448; x_wconf 87' lang='lat' dir='ltr'><strong>consulat.</strong></span> <span class='ocrx_word' id='word_1_254' title='bbox 1118 3382 1253 3450; x_wconf 72' lang='lat' dir='ltr'><strong>Judaas·</strong></span> <span class='ocrx_word' id='word_1_255' title='bbox 1272 3383 1370 3446; x_wconf 86' lang='lat' dir='ltr'><strong>otiam</strong></span> <span class='ocrx_word' id='word_1_256' title='bbox 1390 3383 1424 3448; x_wconf 91' lang='lat' dir='ltr'><strong>in</strong></span> <span class='ocrx_word' id='word_1_257' title='bbox 1444 3383 1578 3472; x_wconf 89' lang='lat' dir='ltr'><strong>Scriptis</strong></span> <span class='ocrx_word' id='word_1_258' title='bbox 1599 3387 1662 3452; x_wconf 90' lang='lat' dir='ltr'><strong>suis</strong></span> <span class='ocrx_word' id='word_1_259' title='bbox 1678 3387 1718 3453; x_wconf 93' lang='lat' dir='ltr'><strong>de</strong></span> <span class='ocrx_word' id='word_1_260' title='bbox 1734 3387 1942 3454; x_wconf 76' lang='lat' dir='ltr'><strong>samaritanis</strong></span> <span class='ocrx_word' id='word_1_261' title='bbox 1958 3408 2030 3452; x_wconf 84' lang='lat' dir='ltr'><strong>raro</strong></span> <span class='ocrx_word' id='word_1_262' title='bbox 2048 3387 2098 3454; x_wconf 91' lang='lat' dir='ltr'><strong>lo·</strong></span> 
     </span>
     <span class='ocr_line' id='line_1_22' title="bbox 415 3495 2098 3595; baseline -0.002 -26"><span class='ocrx_word' id='word_1_263' title='bbox 415 3515 584 3594; x_wconf 80' lang='lat' dir='ltr'><strong>quamam,</strong></span> <span class='ocrx_word' id='word_1_264' title='bbox 607 3521 782 3588; x_wconf 86' lang='lat' dir='ltr'><strong>eorumque</strong></span> <span class='ocrx_word' id='word_1_265' title='bbox 814 3497 923 3574; x_wconf 87' lang='lat' dir='ltr'><strong>dicta,</strong></span> <span class='ocrx_word' id='word_1_266' title='bbox 954 3497 988 3562; x_wconf 76' lang='lat' dir='ltr'><strong>et</strong></span> <span class='ocrx_word' id='word_1_267' title='bbox 1020 3495 1095 3584; x_wconf 86' lang='lat' dir='ltr'><strong>quia</strong></span> <span class='ocrx_word' id='word_1_268' title='bbox 1124 3498 1247 3563; x_wconf 80' lang='lat' dir='ltr'><strong>summi</strong></span> <span class='ocrx_word' id='word_1_269' title='bbox 1273 3495 1401 3578; x_wconf 72' lang='lat' dir='ltr'><strong>claperia</strong></span> <span class='ocrx_word' id='word_1_270' title='bbox 1433 3497 1528 3588; x_wconf 82' lang='lat' dir='ltr'><strong>vulgo</strong></span> <span class='ocrx_word' id='word_1_271' title='bbox 1554 3497 1722 3578; x_wconf 88' lang='lat' dir='ltr'><strong>laborant,</strong></span> <span class='ocrx_word' id='word_1_272' title='bbox 1747 3503 1780 3566; x_wconf 78' lang='lat' dir='ltr'><strong>et</strong></span> <span class='ocrx_word' id='word_1_273' title='bbox 1804 3500 1847 3566; x_wconf 87' lang='lat' dir='ltr'><strong>ob</strong></span> <span class='ocrx_word' id='word_1_274' title='bbox 1866 3501 2098 3595; x_wconf 83' lang='lat' dir='ltr'><strong>praejudicatas</strong></span> 
     </span>
     <span class='ocr_line' id='line_1_23' title="bbox 417 3610 2099 3708; baseline -0.001 -21"><span class='ocrx_word' id='word_1_275' title='bbox 417 3642 529 3688; x_wconf 89' lang='lat' dir='ltr'><strong>eorum</strong></span> <span class='ocrx_word' id='word_1_276' title='bbox 547 3619 586 3684; x_wconf 94' lang='lat' dir='ltr'><strong>de</strong></span> <span class='ocrx_word' id='word_1_277' title='bbox 609 3617 665 3681; x_wconf 85' lang='lat' dir='ltr'><strong>ills</strong></span> <span class='ocrx_word' id='word_1_278' title='bbox 689 3617 792 3682; x_wconf 90' lang='lat' dir='ltr'><strong>Geute</strong></span> <span class='ocrx_word' id='word_1_279' title='bbox 821 3611 1009 3702; x_wconf 86' lang='lat' dir='ltr'><strong>opiniones,</strong></span> <span class='ocrx_word' id='word_1_280' title='bbox 1033 3623 1126 3681; x_wconf 91' lang='lat' dir='ltr'><strong>caute</strong></span> <span class='ocrx_word' id='word_1_281' title='bbox 1154 3612 1234 3679; x_wconf 86' lang='lat' dir='ltr'><strong>item</strong></span> <span class='ocrx_word' id='word_1_282' title='bbox 1255 3610 1482 3684; x_wconf 79' lang='lat' dir='ltr'><strong>adhibeantur.</strong></span> <span class='ocrx_word' id='word_1_283' title='bbox 1529 3614 1611 3682; x_wconf 83' lang='lat' dir='ltr'><strong>Sunt</strong></span> <span class='ocrx_word' id='word_1_284' title='bbox 1634 3628 1740 3683; x_wconf 87' lang='lat' dir='ltr'><strong>tamen</strong></span> <span class='ocrx_word' id='word_1_285' title='bbox 1760 3629 1888 3708; x_wconf 89' lang='lat' dir='ltr'><strong>praeter</strong></span> <span class='ocrx_word' id='word_1_286' title='bbox 1914 3617 1971 3686; x_wconf 90' lang='lat' dir='ltr'><strong>hos</strong></span> <span class='ocrx_word' id='word_1_287' title='bbox 1992 3619 2099 3688; x_wconf 79' lang='lat' dir='ltr'><strong>fontes</strong></span> 
     </span>
     <span class='ocr_line' id='line_1_24' title="bbox 415 3727 2099 3822; baseline -0.001 -18"><span class='ocrx_word' id='word_1_288' title='bbox 415 3746 587 3804; x_wconf 82' lang='lat' dir='ltr'><strong>attenues</strong></span> <span class='ocrx_word' id='word_1_289' title='bbox 610 3734 763 3800; x_wconf 82' lang='lat' dir='ltr'><strong>alierum</strong></span> <span class='ocrx_word' id='word_1_290' title='bbox 790 3729 1004 3819; x_wconf 81' lang='lat' dir='ltr'><strong>Papularum</strong></span> <span class='ocrx_word' id='word_1_291' title='bbox 1023 3727 1062 3796; x_wconf 91' lang='lat' dir='ltr'><strong>dc</strong></span> <span class='ocrx_word' id='word_1_292' title='bbox 1084 3727 1291 3797; x_wconf 85' lang='lat' dir='ltr'><strong>Samaritanis</strong></span> <span class='ocrx_word' id='word_1_293' title='bbox 1321 3731 1535 3811; x_wconf 77' lang='lat' dir='ltr'><strong>relationes,</strong></span> <span class='ocrx_word' id='word_1_294' title='bbox 1561 3731 1622 3798; x_wconf 87' lang='lat' dir='ltr'><strong>alia</strong></span> <span class='ocrx_word' id='word_1_295' title='bbox 1650 3730 1748 3822; x_wconf 86' lang='lat' dir='ltr'><strong>hujus</strong></span> <span class='ocrx_word' id='word_1_296' title='bbox 1776 3733 1886 3802; x_wconf 90' lang='lat' dir='ltr'><strong>Gentis</strong></span> <span class='ocrx_word' id='word_1_297' title='bbox 1907 3735 2019 3802; x_wconf 89' lang='lat' dir='ltr'><strong>melius</strong></span> <span class='ocrx_word' id='word_1_298' title='bbox 2042 3757 2099 3802; x_wconf 88' lang='lat' dir='ltr'><strong>co-</strong></span> 
     </span>
     <span class='ocr_line' id='line_1_25' title="bbox 415 3844 2101 3943; baseline 0 -25"><span class='ocrx_word' id='word_1_299' title='bbox 415 3850 617 3943; x_wconf 85' lang='lat' dir='ltr'><strong>gnoscendae</strong></span> <span class='ocrx_word' id='word_1_300' title='bbox 636 3847 789 3916; x_wconf 83' lang='lat' dir='ltr'><strong>subsidia.</strong></span> <span class='ocrx_word' id='word_1_301' title='bbox 837 3847 946 3916; x_wconf 87' lang='lat' dir='ltr'><strong>Unum</strong></span> <span class='ocrx_word' id='word_1_302' title='bbox 967 3855 1034 3922; x_wconf 87' lang='lat' dir='ltr'><strong>est,</strong></span> <span class='ocrx_word' id='word_1_303' title='bbox 1057 3844 1156 3934; x_wconf 90' lang='lat' dir='ltr'><strong>idque</strong></span> <span class='ocrx_word' id='word_1_304' title='bbox 1184 3847 1370 3935; x_wconf 87' lang='lat' dir='ltr'><strong>egregium,</strong></span> <span class='ocrx_word' id='word_1_305' title='bbox 1396 3867 1454 3914; x_wconf 89' lang='lat' dir='ltr'><strong>nec</strong></span> <span class='ocrx_word' id='word_1_306' title='bbox 1477 3847 1552 3914; x_wconf 88' lang='lat' dir='ltr'><strong>satis</strong></span> <span class='ocrx_word' id='word_1_307' title='bbox 1574 3846 1669 3918; x_wconf 87' lang='lat' dir='ltr'><strong>hodic</strong></span> <span class='ocrx_word' id='word_1_308' title='bbox 1699 3874 1800 3940; x_wconf 90' lang='lat' dir='ltr'><strong>usque</strong></span> <span class='ocrx_word' id='word_1_309' title='bbox 1820 3853 2043 3940; x_wconf 85' lang='lat' dir='ltr'><strong>exploratum,</strong></span> <span class='ocrx_word' id='word_1_310' title='bbox 2066 3863 2101 3918; x_wconf 91' lang='lat' dir='ltr'><strong>et</strong></span> 
     </span>
     <span class='ocr_line' id='line_1_26' title="bbox 416 3960 2099 4059; baseline -0.002 -24"><span class='ocrx_word' id='word_1_311' title='bbox 416 3969 506 4059; x_wconf 87' lang='lat' dir='ltr'><strong>quod</strong></span> <span class='ocrx_word' id='word_1_312' title='bbox 523 3966 703 4034; x_wconf 89' lang='lat' dir='ltr'><strong>luculenter</strong></span> <span class='ocrx_word' id='word_1_313' title='bbox 727 3963 867 4031; x_wconf 88' lang='lat' dir='ltr'><strong>ostendit</strong></span> <span class='ocrx_word' id='word_1_314' title='bbox 886 3960 1101 4030; x_wconf 82' lang='lat' dir='ltr'><strong>Samaritanae</strong></span> <span class='ocrx_word' id='word_1_315' title='bbox 1124 3961 1292 4029; x_wconf 73' lang='lat' dir='ltr'><strong>andraeae</strong></span> <span class='ocrx_word' id='word_1_316' title='bbox 1311 3965 1469 4053; x_wconf 79' lang='lat' dir='ltr'><strong>originis</strong></span> <span class='ocrx_word' id='word_1_317' title='bbox 1485 3985 1572 4044; x_wconf 88' lang='lat' dir='ltr'><strong>asse;</strong></span> <span class='ocrx_word' id='word_1_318' title='bbox 1600 3965 1773 4056; x_wconf 80' lang='lat' dir='ltr'><strong>Linguam</strong></span> <span class='ocrx_word' id='word_1_319' title='bbox 1795 3979 1886 4054; x_wconf 92' lang='lat' dir='ltr'><strong>pato.</strong></span> <span class='ocrx_word' id='word_1_320' title='bbox 1911 3966 2003 4034; x_wconf 74' lang='lat' dir='ltr'><strong>Alter</strong></span> <span class='ocrx_word' id='word_1_321' title='bbox 2027 3967 2099 4032; x_wconf 84' lang='lat' dir='ltr'><strong>lons</strong></span> 
     </span>
     <span class='ocr_line' id='line_1_27' title="bbox 418 4055 2099 4174; baseline 0 -22"><span class='ocrx_word' id='word_1_322' title='bbox 418 4100 467 4152; x_wconf 92' lang='lat' dir='ltr'><strong>est</strong></span> <span class='ocrx_word' id='word_1_323' title='bbox 484 4055 629 4174; x_wconf 79' lang='lat' dir='ltr'><strong>¹Iiela&#39;gs‘o</strong></span> <span class='ocrx_word' id='word_1_324' title='bbox 647 4105 721 4150; x_wconf 87' lang='lat' dir='ltr'><strong>cum</strong></span> <span class='ocrx_word' id='word_1_325' title='bbox 736 4079 932 4148; x_wconf 79' lang='lat' dir='ltr'><strong>notionibus</strong></span> <span class='ocrx_word' id='word_1_326' title='bbox 956 4076 997 4144; x_wconf 92' lang='lat' dir='ltr'><strong>de</strong></span> <span class='ocrx_word' id='word_1_327' title='bbox 1022 4077 1135 4146; x_wconf 71' lang='lat' dir='ltr'><strong>nesus</strong></span> <span class='ocrx_word' id='word_1_328' title='bbox 1156 4077 1314 4158; x_wconf 77' lang='lat' dir='ltr'><strong>divinia,</strong></span> <span class='ocrx_word' id='word_1_329' title='bbox 1338 4102 1376 4146; x_wconf 84' lang='lat' dir='ltr'><strong>ex</strong></span> <span class='ocrx_word' id='word_1_330' title='bbox 1397 4078 1515 4169; x_wconf 89' lang='lat' dir='ltr'><strong>quibus</strong></span> <span class='ocrx_word' id='word_1_331' title='bbox 1538 4093 1694 4170; x_wconf 89' lang='lat' dir='ltr'><strong>apparet,</strong></span> <span class='ocrx_word' id='word_1_332' title='bbox 1718 4105 1815 4174; x_wconf 87' lang='lat' dir='ltr'><strong>quam</strong></span> <span class='ocrx_word' id='word_1_333' title='bbox 1833 4082 1918 4150; x_wconf 86' lang='lat' dir='ltr'><strong>rarle</strong></span> <span class='ocrx_word' id='word_1_334' title='bbox 1939 4080 2099 4152; x_wconf 85' lang='lat' dir='ltr'><strong>hebraeae</strong></span> 
     </span>
     <span class='ocr_line' id='line_1_28' title="bbox 419 4195 1363 4291; baseline -0.005 -21"><span class='ocrx_word' id='word_1_335' title='bbox 419 4201 532 4270; x_wconf 82' lang='lat' dir='ltr'><strong>Gentis</strong></span> <span class='ocrx_word' id='word_1_336' title='bbox 551 4201 716 4291; x_wconf 86' lang='lat' dir='ltr'><strong>ingenium</strong></span> <span class='ocrx_word' id='word_1_337' title='bbox 738 4198 892 4288; x_wconf 86' lang='lat' dir='ltr'><strong>temporis</strong></span> <span class='ocrx_word' id='word_1_338' title='bbox 915 4195 1053 4265; x_wconf 88' lang='lat' dir='ltr'><strong>decursu</strong></span> <span class='ocrx_word' id='word_1_339' title='bbox 1073 4217 1141 4263; x_wconf 89' lang='lat' dir='ltr'><strong>sese</strong></span> <span class='ocrx_word' id='word_1_340' title='bbox 1163 4195 1363 4285; x_wconf 82' lang='lat' dir='ltr'><strong>explicuerit.</strong></span> 
     </span>
    </p>

    <p class='ocr_par' dir='ltr' id='par_1_3' title="bbox 360 4311 2099 4990">
     <span class='ocr_line' id='line_1_29' title="bbox 464 4311 2099 4409; baseline -0.003 -23"><span class='ocrx_word' id='word_1_341' title='bbox 464 4317 647 4406; x_wconf 86' lang='lat' dir='ltr'><strong>Utrumque</strong></span> <span class='ocrx_word' id='word_1_342' title='bbox 680 4327 903 4407; x_wconf 81' lang='lat' dir='ltr'><strong>argumentans</strong></span> <span class='ocrx_word' id='word_1_343' title='bbox 915 4361 925 4394; x_wconf 90' lang='lat'><strong>,</strong></span> <span class='ocrx_word' id='word_1_344' title='bbox 967 4324 1044 4381; x_wconf 84' lang='lat' dir='ltr'><strong>tuna</strong></span> <span class='ocrx_word' id='word_1_345' title='bbox 1075 4315 1165 4402; x_wconf 87' lang='lat' dir='ltr'><strong>prius</strong></span> <span class='ocrx_word' id='word_1_346' title='bbox 1202 4316 1268 4382; x_wconf 82' lang='lat' dir='ltr'><strong>sire</strong></span> <span class='ocrx_word' id='word_1_347' title='bbox 1307 4317 1571 4404; x_wconf 68' lang='lat' dir='ltr'><strong>dragmaticum,</strong></span> <span class='ocrx_word' id='word_1_348' title='bbox 1603 4326 1673 4388; x_wconf 84' lang='lat' dir='ltr'><strong>tum</strong></span> <span class='ocrx_word' id='word_1_349' title='bbox 1713 4319 1893 4409; x_wconf 81' lang='lat' dir='ltr'><strong>posterius.</strong></span> <span class='ocrx_word' id='word_1_350' title='bbox 1939 4311 2026 4404; x_wconf 89' lang='lat' dir='ltr'><strong>quod</strong></span> <span class='ocrx_word' id='word_1_351' title='bbox 2064 4317 2099 4392; x_wconf 86' lang='lat' dir='ltr'><strong>iu</strong></span> 
     </span>
     <span class='ocr_line' id='line_1_30' title="bbox 360 4428 2099 4531; baseline -0.003 -27"><span class='ocrx_word' id='word_1_352' title='bbox 360 4523 367 4531; x_wconf 30' lang='lat'>‚</span> <span class='ocrx_word' id='word_1_353' title='bbox 416 4435 608 4525; x_wconf 70' lang='lat' dir='ltr'><strong>Religiona</strong></span> <span class='ocrx_word' id='word_1_354' title='bbox 629 4447 792 4507; x_wconf 81' lang='lat' dir='ltr'><strong>sensatas.</strong></span> <span class='ocrx_word' id='word_1_355' title='bbox 816 4433 988 4522; x_wconf 88' lang='lat' dir='ltr'><strong>separatim</strong></span> <span class='ocrx_word' id='word_1_356' title='bbox 1014 4431 1128 4518; x_wconf 84' lang='lat' dir='ltr'><strong>exponi</strong></span> <span class='ocrx_word' id='word_1_357' title='bbox 1153 4441 1305 4498; x_wconf 88' lang='lat' dir='ltr'><strong>meretur.</strong></span> <span class='ocrx_word' id='word_1_358' title='bbox 1353 4428 1433 4496; x_wconf 80' lang='lat' dir='ltr'><strong>Boc</strong></span> <span class='ocrx_word' id='word_1_359' title='bbox 1456 4443 1562 4500; x_wconf 88' lang='lat' dir='ltr'><strong>tamen</strong></span> <span class='ocrx_word' id='word_1_360' title='bbox 1593 4453 1721 4522; x_wconf 87' lang='lat' dir='ltr'><strong>prorsas</strong></span> <span class='ocrx_word' id='word_1_361' title='bbox 1743 4431 1877 4496; x_wconf 89' lang='lat' dir='ltr'><strong>transire</strong></span> <span class='ocrx_word' id='word_1_362' title='bbox 1900 4429 1955 4496; x_wconf 85' lang='lat' dir='ltr'><strong>hic</strong></span> <span class='ocrx_word' id='word_1_363' title='bbox 1975 4453 2040 4498; x_wconf 94' lang='lat' dir='ltr'><strong>non</strong></span> <span class='ocrx_word' id='word_1_364' title='bbox 2057 4431 2099 4498; x_wconf 92' lang='lat' dir='ltr'><strong>li·</strong></span> 
     </span>
     <span class='ocr_line' id='line_1_31' title="bbox 418 4545 2098 4641; baseline -0.002 -23"><span class='ocrx_word' id='word_1_365' title='bbox 418 4564 491 4633; x_wconf 91' lang='lat' dir='ltr'><strong>cet,</strong></span> <span class='ocrx_word' id='word_1_366' title='bbox 527 4551 604 4641; x_wconf 90' lang='lat' dir='ltr'><strong>quia</strong></span> <span class='ocrx_word' id='word_1_367' title='bbox 634 4551 747 4640; x_wconf 84' lang='lat' dir='ltr'><strong>religio</strong></span> <span class='ocrx_word' id='word_1_368' title='bbox 777 4549 967 4639; x_wconf 88' lang='lat' dir='ltr'><strong>plerumque</strong></span> <span class='ocrx_word' id='word_1_369' title='bbox 996 4548 1093 4614; x_wconf 87' lang='lat' dir='ltr'><strong>cardo</strong></span> <span class='ocrx_word' id='word_1_370' title='bbox 1117 4557 1189 4625; x_wconf 88' lang='lat' dir='ltr'><strong>est,</strong></span> <span class='ocrx_word' id='word_1_371' title='bbox 1220 4547 1254 4612; x_wconf 91' lang='lat' dir='ltr'><strong>in</strong></span> <span class='ocrx_word' id='word_1_372' title='bbox 1274 4567 1340 4636; x_wconf 92' lang='lat' dir='ltr'><strong>quo</strong></span> <span class='ocrx_word' id='word_1_373' title='bbox 1358 4545 1499 4614; x_wconf 79' lang='lat' dir='ltr'><strong>Historia</strong></span> <span class='ocrx_word' id='word_1_374' title='bbox 1521 4550 1711 4618; x_wconf 87' lang='lat' dir='ltr'><strong>samaritana</strong></span> <span class='ocrx_word' id='word_1_375' title='bbox 1727 4549 1887 4626; x_wconf 83' lang='lat' dir='ltr'><strong>restitus,</strong></span> <span class='ocrx_word' id='word_1_376' title='bbox 1912 4559 1944 4614; x_wconf 92' lang='lat' dir='ltr'><strong>et</strong></span> <span class='ocrx_word' id='word_1_377' title='bbox 1963 4571 2098 4638; x_wconf 91' lang='lat' dir='ltr'><strong>sequens</strong></span> 
     </span>
     <span class='ocr_line' id='line_1_32' title="bbox 420 4663 2097 4757; baseline -0.001 -25"><span class='ocrx_word' id='word_1_378' title='bbox 420 4666 571 4733; x_wconf 87' lang='lat' dir='ltr'><strong>historica</strong></span> <span class='ocrx_word' id='word_1_379' title='bbox 589 4667 766 4757; x_wconf 88' lang='lat' dir='ltr'><strong>disputatio</strong></span> <span class='ocrx_word' id='word_1_380' title='bbox 789 4667 862 4733; x_wconf 93' lang='lat' dir='ltr'><strong>ideo</strong></span> <span class='ocrx_word' id='word_1_381' title='bbox 880 4687 953 4732; x_wconf 89' lang='lat' dir='ltr'><strong>eum</strong></span> <span class='ocrx_word' id='word_1_382' title='bbox 973 4666 1011 4732; x_wconf 84' lang='lat' dir='ltr'><strong>ei</strong></span> <span class='ocrx_word' id='word_1_383' title='bbox 1032 4665 1217 4754; x_wconf 86' lang='lat' dir='ltr'><strong>quaestione</strong></span> <span class='ocrx_word' id='word_1_384' title='bbox 1236 4673 1323 4728; x_wconf 88' lang='lat' dir='ltr'><strong>arcto</strong></span> <span class='ocrx_word' id='word_1_385' title='bbox 1352 4663 1515 4734; x_wconf 86' lang='lat' dir='ltr'><strong>cohaeret.</strong></span> <span class='ocrx_word' id='word_1_386' title='bbox 1560 4665 1695 4755; x_wconf 90' lang='lat' dir='ltr'><strong>ltaque,</strong></span> <span class='ocrx_word' id='word_1_387' title='bbox 1720 4667 1834 4732; x_wconf 79' lang='lat' dir='ltr'><strong>omissi</strong></span> <span class='ocrx_word' id='word_1_388' title='bbox 1862 4677 1968 4730; x_wconf 88' lang='lat' dir='ltr'><strong>tamen</strong></span> <span class='ocrx_word' id='word_1_389' title='bbox 1995 4666 2097 4754; x_wconf 78' lang='lat' dir='ltr'><strong>Dog-</strong></span> 
     </span>
     <span class='ocr_line' id='line_1_33' title="bbox 419 4777 2099 4873; baseline 0.003 -28"><span class='ocrx_word' id='word_1_390' title='bbox 419 4786 546 4846; x_wconf 86' lang='lat' dir='ltr'><strong>matam</strong></span> <span class='ocrx_word' id='word_1_391' title='bbox 564 4785 782 4873; x_wconf 77' lang='lat' dir='ltr'><strong>expositione,</strong></span> <span class='ocrx_word' id='word_1_392' title='bbox 807 4804 902 4872; x_wconf 89' lang='lat' dir='ltr'><strong>quam</strong></span> <span class='ocrx_word' id='word_1_393' title='bbox 921 4783 954 4847; x_wconf 91' lang='lat' dir='ltr'><strong>in</strong></span> <span class='ocrx_word' id='word_1_394' title='bbox 975 4781 1063 4848; x_wconf 88' lang='lat' dir='ltr'><strong>aliud</strong></span> <span class='ocrx_word' id='word_1_395' title='bbox 1083 4793 1208 4871; x_wconf 89' lang='lat' dir='ltr'><strong>tempus</strong></span> <span class='ocrx_word' id='word_1_396' title='bbox 1225 4777 1354 4858; x_wconf 84' lang='lat' dir='ltr'><strong>sciero,</strong></span> <span class='ocrx_word' id='word_1_397' title='bbox 1379 4777 1420 4846; x_wconf 91' lang='lat' dir='ltr'><strong>de</strong></span> <span class='ocrx_word' id='word_1_398' title='bbox 1441 4778 1540 4847; x_wconf 83' lang='lat' dir='ltr'><strong>Cultu</strong></span> <span class='ocrx_word' id='word_1_399' title='bbox 1565 4779 1837 4848; x_wconf 87' lang='lat' dir='ltr'><strong>Samaritanorum</strong></span> <span class='ocrx_word' id='word_1_400' title='bbox 1861 4781 1894 4847; x_wconf 93' lang='lat' dir='ltr'><strong>iu</strong></span> <span class='ocrx_word' id='word_1_401' title='bbox 1914 4781 2099 4850; x_wconf 74' lang='lat' dir='ltr'><strong>universum</strong></span> 
     </span>
     <span class='ocr_line' id='line_1_34' title="bbox 421 4895 1864 4990; baseline 0.002 -26"><span class='ocrx_word' id='word_1_402' title='bbox 421 4895 578 4964; x_wconf 89' lang='lat' dir='ltr'><strong>nonnulla</strong></span> <span class='ocrx_word' id='word_1_403' title='bbox 595 4920 681 4964; x_wconf 88' lang='lat' dir='ltr'><strong>nunc</strong></span> <span class='ocrx_word' id='word_1_404' title='bbox 703 4900 865 4978; x_wconf 88' lang='lat' dir='ltr'><strong>monebo,</strong></span> <span class='ocrx_word' id='word_1_405' title='bbox 888 4922 970 4989; x_wconf 90' lang='lat' dir='ltr'><strong>quae</strong></span> <span class='ocrx_word' id='word_1_406' title='bbox 988 4898 1029 4967; x_wconf 87' lang='lat' dir='ltr'><strong>ad</strong></span> <span class='ocrx_word' id='word_1_407' title='bbox 1051 4897 1216 4990; x_wconf 90' lang='lat' dir='ltr'><strong>sequentia</strong></span> <span class='ocrx_word' id='word_1_408' title='bbox 1239 4895 1355 4964; x_wconf 88' lang='lat' dir='ltr'><strong>melius</strong></span> <span class='ocrx_word' id='word_1_409' title='bbox 1375 4895 1586 4988; x_wconf 90' lang='lat' dir='ltr'><strong>intelligenda</strong></span> <span class='ocrx_word' id='word_1_410' title='bbox 1605 4897 1689 4962; x_wconf 82' lang='lat' dir='ltr'><strong>siam</strong></span> <span class='ocrx_word' id='word_1_411' title='bbox 1704 4899 1864 4968; x_wconf 87' lang='lat' dir='ltr'><strong>muniant.</strong></span> 
     </span>
    </p>
   </div>
   <div class='ocr_carea' id='block_1_2' title="bbox 465 5122 2100 5217">
    <p class='ocr_par' dir='ltr' id='par_1_4' title="bbox 465 5122 2100 5217">
     <span class='ocr_line' id='line_1_35' title="bbox 465 5122 2100 5217; baseline 0.002 -25"><span class='ocrx_word' id='word_1_412' title='bbox 465 5124 502 5192; x_wconf 92' lang='lat' dir='ltr'><strong>Si</strong></span> <span class='ocrx_word' id='word_1_413' title='bbox 525 5123 597 5212; x_wconf 88' lang='lat' dir='ltr'><strong>quis</strong></span> <span class='ocrx_word' id='word_1_414' title='bbox 608 5122 649 5189; x_wconf 93' lang='lat' dir='ltr'><strong>de</strong></span> <span class='ocrx_word' id='word_1_415' title='bbox 660 5122 864 5194; x_wconf 81' lang='lat' dir='ltr'><strong>samaritanis</strong></span> <span class='ocrx_word' id='word_1_416' title='bbox 876 5127 1044 5217; x_wconf 89' lang='lat' dir='ltr'><strong>loquitur,</strong></span> <span class='ocrx_word' id='word_1_417' title='bbox 1063 5126 1201 5196; x_wconf 77' lang='lat' dir='ltr'><strong>Gentem</strong></span> <span class='ocrx_word' id='word_1_418' title='bbox 1216 5125 1363 5215; x_wconf 90' lang='lat' dir='ltr'><strong>plerique</strong></span> <span class='ocrx_word' id='word_1_419' title='bbox 1380 5123 1440 5190; x_wconf 91' lang='lat' dir='ltr'><strong>sibi</strong></span> <span class='ocrx_word' id='word_1_420' title='bbox 1459 5125 1585 5216; x_wconf 87' lang='lat' dir='ltr'><strong>tingunt</strong></span> <span class='ocrx_word' id='word_1_421' title='bbox 1601 5123 1723 5196; x_wconf 76' lang='lat' dir='ltr'><strong>Gattas&#39;</strong></span> <span class='ocrx_word' id='word_1_422' title='bbox 1738 5129 1891 5194; x_wconf 81' lang='lat' dir='ltr'><strong>mosaico</strong></span> <span class='ocrx_word' id='word_1_423' title='bbox 1909 5126 2100 5196; x_wconf 82' lang='lat' dir='ltr'><strong>addictam.</strong></span> 
     </span>
    </p>
   </div>
   <div class='ocr_carea' id='block_1_3' title="bbox 422 5237 2101 5417">
    <p class='ocr_par' dir='ltr' id='par_1_5' title="bbox 422 5237 2101 5417">
     <span class='ocr_line' id='line_1_36' title="bbox 422 5237 2101 5337; baseline -0.001 -25"><span class='ocrx_word' id='word_1_424' title='bbox 422 5239 559 5312; x_wconf 72' lang='lat' dir='ltr'><strong>Sana</strong></span> <span class='ocrx_word' id='word_1_425' title='bbox 574 5239 612 5308; x_wconf 82' lang='lat' dir='ltr'><strong>lsi</strong></span> <span class='ocrx_word' id='word_1_426' title='bbox 634 5240 678 5309; x_wconf 85' lang='lat' dir='ltr'><strong>oh</strong></span> <span class='ocrx_word' id='word_1_427' title='bbox 691 5237 801 5308; x_wconf 89' lang='lat' dir='ltr'><strong>oculos</strong></span> <span class='ocrx_word' id='word_1_428' title='bbox 817 5237 961 5324; x_wconf 81' lang='lat' dir='ltr'><strong>habent,</strong></span> <span class='ocrx_word' id='word_1_429' title='bbox 983 5247 1075 5332; x_wconf 83' lang='lat' dir='ltr'><strong>cujas</strong></span> <span class='ocrx_word' id='word_1_430' title='bbox 1091 5258 1202 5314; x_wconf 75' lang='lat' dir='ltr'><strong>munes</strong></span> <span class='ocrx_word' id='word_1_431' title='bbox 1227 5241 1385 5337; x_wconf 87' lang='lat' dir='ltr'><strong>reliquiae</strong></span> <span class='ocrx_word' id='word_1_432' title='bbox 1396 5243 1489 5312; x_wconf 72' lang='lat' dir='ltr'><strong>,inser</strong></span> <span class='ocrx_word' id='word_1_433' title='bbox 1506 5241 1629 5312; x_wconf 84' lang='lat' dir='ltr'><strong>recolas</strong></span> <span class='ocrx_word' id='word_1_434' title='bbox 1647 5243 1766 5316; x_wconf 81' lang='lat' dir='ltr'><strong>llcmis</strong></span> <span class='ocrx_word' id='word_1_435' title='bbox 1786 5244 1996 5332; x_wconf 82' lang='lat' dir='ltr'><strong>garinimitani</strong></span> <span class='ocrx_word' id='word_1_436' title='bbox 2014 5265 2101 5318; x_wconf 88' lang='lat' dir='ltr'><strong>naue</strong></span> 
     </span>
     <span class='ocr_line' id='line_1_37' title="bbox 1750 5357 1794 5417; baseline 0 -19"><span class='ocrx_word' id='word_1_437' title='bbox 1750 5357 1794 5417; x_wconf 18' lang='lat' dir='ltr'><strong>lq*</strong></span> 
     </span>
    </p>
   </div>
   <div class='ocr_carea' id='block_1_4' title="bbox 0 0 2738 6500">
    <p class='ocr_par' dir='ltr' id='par_1_6' title="bbox 0 0 2738 6500">
     <span class='ocr_line' id='line_1_38' title="bbox 0 0 2738 6500; baseline 0 0"><span class='ocrx_word' id='word_1_438' title='bbox 0 0 2738 6500; x_wconf 95' lang='lat' dir='ltr'><strong> </strong></span> 
     </span>
    </p>
   </div>
  </div>
 </body>
</html>
