5467 6500
1333 848 1622 929 ...30-

632 1036 729 1106 libata
751 1037 912 1119 maedis,
927 1050 1014 1130 poet
1032 1045 1231 1109 institutum
1241 1042 1419 1131 jejunium
1440 1040 1653 1134 permittitur.
1699 1037 1954 1127 atlantiades
1978 1064 2012 1116 re
2032 1042 2133 1139 sedat
2147 1047 2319 1141 opinantur

632 1154 838 1244 corporebus
854 1163 1004 1226 mortuis
1028 1160 1222 1239 luminum,
1243 1163 1308 1249 qni
1325 1161 1377 1227 ad
1398 1159 1537 1237 coetum
1557 1160 1793 1227 christianum
1812 1182 1879 1227 eost
1896 1167 2092 1251 pertinent,
2116 1170 2318 1256 tangendis.

635 1275 670 1359 7)
695 1271 884 1363 Opinionem
914 1290 1080 1345 surmont
1098 1298 1298 1367 puerperas
1326 1301 1394 1345 cese
1417 1276 1638 1359 immutandas,
1662 1280 1778 1367 iisque
1807 1298 1893 1369 opus
1926 1298 2000 1344 esee
2021 1280 2248 1365 lustratione,
2274 1288 2321 1353 ita

630 1401 759 1468 tamen,
784 1402 820 1456 ut
845 1394 1023 1479 sacrificii
1052 1396 1250 1483 expiatorii
1273 1393 1347 1462 loco
1375 1416 1450 1463 usus
1468 1394 1509 1461 iis
1530 1390 1681 1461 eumedat
1705 1391 1840 1461 coenae
1861 1416 1999 1466 sacrae.
2044 1395 2081 1481 8)
2104 1399 2156 1467 Ab
2182 1422 2242 1465 usu
2262 1402 2321 1468 ab·

628 1505 752 1571 atinent
783 1512 906 1574 curuis
928 1512 1073 1592 sutiles,
1130 1512 1165 1598 9)
1189 1510 1259 1577 Bis
1280 1514 1417 1602 quique
1443 1510 1651 1580 hebdomade
1666 1510 1844 1597 jejunium
1871 1496 2054 1602 observant.
2115 1516 2170 1599 to)
2192 1518 2321 1607 Bapti-

626 1644 737 1690 emam
751 1632 874 1690 celano
895 1641 968 1714 post
987 1629 1189 1699 nativitatem
1209 1627 1269 1693 die
1286 1628 1529 1711 administrant,
1552 1639 1584 1699 et
1600 1628 1635 1699 iu
1658 1627 1748 1697 iestis
1768 1626 2044 1719 egendisgquoad
2062 1631 2135 1720 ejus
2154 1632 2223 1709 fieri
2243 1656 2319 1723 pos·
2395 1605 2401 1616 ι

626 1740 694 1819 eit,
718 1752 866 1807 setarum
886 1740 1107 1809 Hebraeorum
1127 1742 1273 1810 instituta
1291 1758 1484 1835 sequuntur.

672 1856 948 1927 SiNesrouurtre
966 1857 1049 1927 fides
1061 1855 1428 1950 habeatur,lieligionis
1447 1858 1642 1929 christianae
1661 1858 1842 1927 doctrinam
1862 1858 1897 1925 hi
1920 1877 2113 1952 acceperunt
2133 1865 2319 1951 artemio,

624 1974 918 2056 sartionem,
945 1975 1155 2055 Theddeeo,
1181 1988 1214 2043 at
1234 1976 1278 2043 ab
1301 1976 1530 2067 apostulorum
1553 1977 1742 2069 Discipulo,
1768 1976 1887 2047 Mare.
1935 1978 2007 2067 Ipsa
2030 1978 2101 2047 loca
2119 1983 2316 2065 ostendunt,

625 2091 685 2159 ubi
705 2092 789 2162 hanc
808 2094 832 2160 ii
851 2094 1035 2165 docuerint.
1080 2092 1169 2181 Quid
1189 2092 1230 2160 de
1251 2093 1303 2161 bis
1325 2094 1553 2163 traditionibus
1575 2094 1780 2163 statuendum
1799 2095 1867 2175 sit,
1890 2098 2081 2165 accuratiori
2103 2100 2225 2189 indiget
2253 2100 2319 2165 dis·-

625 2210 816 2297 quisiticne.
861 2212 932 2279 Hoc
955 2225 1061 2280 tamen
1075 2221 1219 2290 constat,
1241 2211 1282 2277 3ο
1301 2223 1375 2303 post
1403 2208 1572 2281 Christum
1596 2212 1704 2279 seculo
1727 2234 1798 2281 eam
1821 2212 2022 2303 Religionem
2044 2237 2102 2305 per
2135 2216 2192 2283 has
2220 2231 2318 2307 terras

624 2340 836 2420 propagatam
855 2329 966 2396 fuisse.
1012 2326 1164 2393 Pluribus
1186 2330 1223 2394 ei
1248 2326 1290 2393 de
1306 2351 1343 2398 re
1365 2329 1543 2397 Geneatae
1563 2326 1710 2417 loquitur
1733 2350 1805 2418 cap.
1821 2328 1911 2399 xix.
2345 2410 2349 2419 1

670 2446 739 2511 llos
764 2446 990 2515 dhrietiance
1009 2468 1050 2513 cr
1068 2448 1133 2512 uni
1150 2443 1329 2535 eidemque
1353 2446 1458 2515 (iente
1486 2466 1561 2513 curn
1581 2442 1755 2525 ludaeis,
1777 2448 1811 2514 in
1834 2446 1874 2514 iis
1902 2448 2086 2537 regionibns
2102 2448 2317 2537 degentibus,

624 2560 779 2628 oriundos
791 2584 880 2642 asse,
900 2587 939 2631 ea
959 2566 1096 2630 nemine
1111 2560 1424 2649 ridemusfilicrem
1441 2560 1698 2653 Israelimuo
1718 2564 1782 2629 iili
1795 2562 1989 2654 semetipsi,
2013 2578 2046 2633 et
2065 2588 2129 2655 quc
2150 2567 2315 2644 Mcslimi,

621 2680 706 2768 quin
725 2680 834 2747 iidem
844 2681 979 2749 ludaei
992 2730 1002 2761 ,
1018 2681 1105 2771 ipsos
1121 2682 1312 2770 ceteroquin
1328 2678 1407 2747 odic
1423 2693 1675 2770 persequentes,
1697 2700 1750 2747 eos
1764 2678 1962 2747 Christianos
1973 2695 2173 2775 nuncupant.
2221 2684 2317 2751 Prae·

620 2796 735 2861 sertim
756 2816 833 2863 reso
861 2798 1041 2863 communis
1072 2818 1184 2864 eorum
1206 2799 1296 2886 origo
1327 2797 1494 2863 manifesta
1514 2809 1564 2863 cst
1584 2820 1622 2865 ex
1634 2798 1757 2884 sacres·
1777 2798 2021 2879 lineamentis,
2044 2810 2077 2867 et
2104 2821 2144 2867 ex
2166 2800 2294 2889 linguei
2306 2850 2318 2883 ,

623 2935 724 3002 quam
748 2910 848 2981 ϋάεω
872 2912 1013 2991 iudaei,
1043 2913 1214 3002 separatim
1238 2912 1316 2979 licet
1346 2912 1388 2979 ab
1412 2910 1463 2977 his
1497 2909 1874 2993 Christianisrircntce,
1898 2934 1974 2980 cum
2005 2915 2082 3003 ipsis
2112 2935 2317 2987 communem

621 3026 759 3101 babent.
803 3030 981 3099 (intentus
999 3031 1123 3121 (capite
1143 3030 1234 3118 xiv)
1257 3029 1343 3095 hanc
1364 3028 1557 3119 descripsit,
1578 3041 1742 3119 uniquam
1760 3027 1940 3099 Disiectum
1960 3030 2132 3119 syriacam,
2158 3034 2221 3121 qui
2236 3032 2316 3101 alibi

618 3167 684 3218 nec
710 3146 829 3217 Judeei
851 3160 1013 3228 utuntur,
1037 3170 1145 3239 nequa
1165 3148 1229 3238 ipsi
1250 3146 1428 3215 Christiani
1450 3146 1590 3235 syriaci,
1615 3146 1673 3237 qui
1693 3164 1785 3215 snam
1813 3144 1972 3237 linguam
1995 3147 2114 3219 aritatn
2143 3144 2179 3219 iu
2207 3148 2318 3219 Libris

621 3268 721 3334 sacris
740 3267 909 3360 legendis,
926 3279 962 3336 et
982 3265 1082 3335 Cultu
1102 3285 1194 3334 sacro
1215 3263 1415 3334 moderando
1434 3275 1561 3332 tantum
1579 3272 1721 3336 serrant.

667 3385 716 3452 lix
736 3384 832 3453 dictis
851 3386 970 3475 igitar,
994 3384 1197 3477 potissumum
1213 3405 1253 3450 er
1267 3383 1390 3471 fhciei
1407 3381 1652 3460 lineamentis,
1673 3391 1708 3448 et
1730 3380 1858 3471 linguai
1880 3403 1954 3450 rane
1971 3379 2141 3473 probabile
2162 3398 2231 3468 ast,
2253 3385 2325 3468 teg

620 3524 694 3572 rum
719 3502 983 3569 Nestoriaucrum
1003 3513 1037 3568 et
1060 3501 1261 3570 iudaeorum
1285 3502 1442 3587 majorem
1467 3510 1592 3589 partem
1616 3519 1655 3564 ex
1683 3498 1725 3563 10
1738 3495 1895 3566 Tribunum
1918 3499 2089 3568 Exsulibus
2108 3513 2211 3570 ortam
2234 3527 2315 3580 cese.

549 3689 556 3698 ,
619 3618 694 3688 Alia
714 3630 822 3684 tamea
842 3619 975 3705 insuper
993 3614 1073 3682 addi
1092 3629 1238 3704 possunt.
1263 3615 1313 3683 Ne
1328 3614 1436 3684 dicam
1453 3613 1493 3682 de
1510 3612 1665 3679 moribus
1678 3612 1871 3680 socialibus
1878 3661 1889 3694 ,
1910 3636 2042 3704 prorsus
2065 3617 2259 3702 hebraicis,
2273 3623 2316 3696 da

619 3733 740 3825 ῳιὶὴιιε
759 3755 791 3801 c.
804 3729 914 3801 tvm
932 3732 1080 3824 exposuit
1101 3729 1343 3811 Gutrrsus‚ei
1364 3729 1405 3798 de
1424 3729 1619 3796 rromicibue
1637 3728 1838 3808 tebraecie,
1855 3728 2011 3819 Baptismi
2027 3734 2196 3802 ocnmione
2208 3737 2314 3824 datis,

619 3856 812 3944 regiminis
838 3848 1041 3917 attendamus
1051 3851 1209 3938 somam
1220 3848 1521 3944 patriarchum.
1567 3847 1788 3938 Unaquaeque
1799 3844 1917 3914 Tribus
1935 3867 2029 3914 suum
2050 3845 2148 3916 habet
2168 3852 2312 3939 eliciet,

624 3973 720 4060 cujus
739 3982 844 4035 nmen
868 3968 1041 4036 auctorites
1058 3976 1165 4034 antec
1185 3968 1290 4055 major
1310 3965 1428 4047 inerit,
1448 3962 1745 4056 qttiaPatriurclsa,
1766 3983 1849 4053 quae
1869 3969 1994 4035 eumne
2005 3964 2093 4034 uelut
2106 3965 2314 4042 Sacerdotis

621 4090 708 4154 ricae
730 4087 837 4179 gerit,
857 4087 970 4152 unicus
989 4107 1079 4150 nnnc
1101 4097 1150 4150 est
1170 4083 1317 4152 Civitafie
1332 4082 1538 4162 Moderator,
1564 4082 1752 4174 Legemque
1771 4078 1909 4151 Vindex.
1956 4081 2021 4152 Lex
2040 4105 2137 4172 porro
2154 4100 2311 4167 mosaice

619 4206 708 4276 solus
740 4217 790 4272 est
818 4205 942 4294 Legum
962 4199 1084 4270 ceder.
1123 4199 1366 4270 ,Tantummodo
1395 4199 1551 4268 nonnulla
1570 4212 1742 4289 praecepta
1768 4219 1828 4288 pro
1851 4198 1945 4266 variis
1967 4209 2148 4290 temporum
2171 4208 2313 4276 radoni-

620 4327 682 4392 bus
702 4337 778 4389 sant
796 4335 933 4388 mutata.
978 4321 1096 4408 Asyla
1118 4343 1152 4387 r.
1166 4342 1199 4389 c.
1222 4341 1288 4386 non
1308 4316 1447 4409 amplius
1470 4325 1586 4384 certae
1603 4316 1773 4406 quaedem
1797 4325 1871 4382 eant
1890 4314 2010 4398 urbes,
2035 4315 2090 4386 sed
2108 4321 2309 4396 Ecclesiae.

622 4442 687 4528 Qui
709 4442 743 4507 in
760 4439 817 4506 bae
837 4439 945 4528 fugit,
968 4450 1003 4504 et
1019 4459 1094 4504 casu
1113 4436 1248 4504 fortuito
1267 4435 1367 4502 alium
1389 4433 1573 4514 interiecit,
1592 4433 1827 4512 aSenioribus,
1843 4433 1938 4499 listro
1957 4435 2071 4500 soluto
2083 4486 2096 4520 ,
2110 4439 2306 4525 absolvitur3

621 4561 681 4650 qui
702 4570 813 4624 contra
830 4555 940 4622 dediti
960 4557 1055 4646 operi
1077 4553 1207 4620 caedem
1224 4553 1386 4642 patrarit,
1407 4562 1443 4619 ut
1461 4551 1648 4642 mendam,
1667 4549 1828 4642 sanguinis
1850 4548 1986 4619 traditur
1999 4553 2140 4624 Vindici.
2176 4555 2309 4628 Prisca

623 4678 783 4747 'l'ribuum
801 4677 943 4740 nomina
966 4673 1042 4741 licet
1060 4673 1129 4740 iere
1155 4670 1299 4738 obsoleta
1320 4670 1404 4749 sint,
1429 4669 1562 4738 dr'vs'sio
1584 4681 1689 4738 tamen
1711 4672 1750 4733 irs
1776 4665 1905 4734 retes
1926 4680 2050 4736 retenta
2069 4682 2127 4738 est.
2175 4672 2311 4744 Familia

625 4809 752 4866 tantum
776 4789 1002 4871 Patriamhae,
1026 4802 1063 4858 nt
1087 4791 1261 4858 curreres
1281 4810 1356 4878 cap.
1381 4785 1475 4858 xt11
1499 4786 1619 4867 tradit,
1643 4807 1733 4853 auam
1756 4785 1914 4874 originem
1933 4807 1970 4852 ex
1993 4785 2308 4875 Naptttatuamm

626 4913 731 4983 lribu
749 4912 884 4978 derivat.
929 4907 1124 4978 tolosae
1142 4903 1275 4995 quidem
1294 4917 1440 4995 posteros
1461 4925 1494 4970 se
1516 4925 1585 4972 esee
1610 4907 1651 4972 10
1661 4903 1817 4972 Tribunm
1841 4903 1882 4970 ab
1901 4901 2038 4989 Assyriis
2061 4907 2308 4994 translatarum,

627 5029 854 5109 contendunt;
882 5027 1092 5096 Nestorium·
1117 5045 1214 5102 vero,
1244 5023 1303 5113 qni
1330 5021 1591 5111 permultorum
1612 5021 1795 5092 seculorum
1821 5020 2023 5088 intervallum
2047 5024 2118 5112 ejus
2148 5029 2194 5094 rei
2215 5026 2308 5096 obliti

624 5171 695 5217 cese
714 5147 885 5222 ridentur,
909 5145 1046 5232 ingenue
1064 5143 1159 5210 fateri
1179 5140 1355 5220 dicuntur,
1380 5151 1507 5232 tempus
1525 5162 1560 5208 ee
1578 5141 1744 5231 ignorare,
1769 5160 1834 5230 quc
1854 5139 1963 5210 Patres
1983 5163 2023 5210 eo
2045 5141 2202 5212 venerint.
2242 5141 2306 5213 sea

627 5265 706 5358 quid
725 5263 871 5334 mirum?
908 5259 1001 5332 llaud
1020 5261 1119 5355 pauci
1137 5279 1254 5352 nempe
1271 5258 1450 5351 posteriore
1470 5270 1635 5354 tempore,
1652 5258 1795 5353 primum
1806 5256 2043 5340 lloslimorum.
2066 5255 2182 5328 deinde
2194 5258 2313 5353 trogo-⁴
