5467 6500
1115 775 1449 852 =..1nn...

453 972 684 1045 maritinorum
703 970 841 1063 gratiam
861 967 1009 1046 inibant,
1029 977 1099 1034 tum
1118 965 1318 1033 munimenta
1333 965 1396 1034 sibi
1417 967 1478 1060 ipsi
1496 969 1674 1061 putabant,
1697 994 1780 1064 quas
1793 971 2024 1070 Hierosolymis
2043 983 2130 1053 haud

452 1093 566 1185 procul
595 1091 780 1172 distabant,
816 1101 850 1157 et
878 1087 1043 1179 aptissima
1060 1085 1207 1177 proiecto
1232 1096 1323 1150 orant
1351 1085 1392 1152 ad
1414 1089 1571 1176 praesidia
1593 1092 1802 1184 recipienda,
1838 1119 1942 1186 quae,
1975 1104 2128 1191 quamdiu

449 1214 594 1281 abessent
616 1211 793 1301 Legiones,
818 1207 972 1275 Romans
988 1207 1138 1271 nominis
1156 1201 1344 1293 dignitatem
1372 1219 1553 1279 tuerentur.

490 1331 559 1398 Nee
579 1351 645 1397 uno
666 1338 792 1396 tautum
810 1327 939 1392 nomine
953 1322 1205 1390 llomunorum
1195 1323 1367 1410 imperium
1390 1325 1586 1392 Palaestinae
1614 1328 1751 1396 salutare
1771 1331 1847 1400 fuit.
1896 1333 2031 1402 nen·
2008 1361 2031 1404 u
2053 1342 2123 1427 ju·

446 1450 641 1517 ιιιιιαιίαιιι
671 1467 705 1515 ι.
722 1466 751 1513 c.
773 1443 835 1511 ibi
849 1441 1073 1510 emendarunt.
1118 1438 1249 1506 ludaeis
1276 1441 1362 1508 enirn
1389 1443 1422 1509 in
1453 1450 1472 1510 t
1500 1445 1655 1528 urbibus,
1680 1447 1932 1539 Hierosolymis,
1959 1456 2125 1542 Gadarae,

445 1562 667 1640 Amathunte,
699 1559 930 1638 Hierichunte‚
959 1569 992 1624 ct
1018 1555 1203 1647 Seppburi,
1236 1558 1394 1647 Sgnsdria
1415 1563 1562 1630 instituta
1584 1575 1680 1644 suut,
1716 1587 1853 1654 quorum
1879 1591 1993 1640 causae
2026 1599 2126 1668 agen·

446 1681 503 1748 dae
522 1680 709 1748 Senioribus
733 1682 813 1767 (τοῖς
830 1675 981 1765 ἀρίστοις)
1000 1676 1186 1742 commissae
1201 1691 1293 1744 erant
1314 1678 1378 1766 (1)
1425 1681 1551 1748 Ριιίιιι
1566 1680 1681 1749 duodo
1693 1695 1790 1773 atque
1806 1685 1896 1768 illis,
1918 1688 2124 1762 samaritanis

393 1864 402 1879 ⁴
446 1809 535 1864 certo
558 1799 745 1886 permissum
763 1809 831 1862 erat
847 1793 964 1862 Sacra
983 1794 1145 1861 celebrare
1158 1795 1267 1884 ,quod
1287 1798 1365 1864 item
1383 1799 1511 1869 erJoh.
1525 1801 1584 1871 lv.
1603 1803 1986 1878 20-22statuerslieet.
2011 1813 2125 1882 Aliana

443 1915 613 2006 Pririlegia
641 1914 777 1981 Romani
801 1911 1010 1980 Samaritanis
1028 1914 1137 2002 largiti
1161 1916 1246 1996 sint,
1269 1917 1492 2007 ignoramus.
1519 1921 1567 1986 Er
1593 1920 1746 1987 rossano
1776 1924 1930 2014 colligas,
1956 1951 2048 1998 suum
2069 1957 2123 2000 eos

444 2056 574 2122 quoque
601 2033 776 2122 aliquando
797 2031 945 2098 babuisse
964 2032 1148 2111 Senatum,
1176 2034 1251 2111 cui,
1283 2037 1310 2100 si
1332 2059 1349 2101 a
1370 2037 1587 2104 Romanorum
1614 2037 1853 2126 Magistratibus
1879 2045 2022 2133 ipsorum
2047 2052 2122 2138 jura

439 2151 657 2230 violarentur,
681 2150 797 2239 Populi
816 2171 944 2216 causam
960 2149 1120 2217 vindicare
1142 2151 1328 2219 mandatum
1353 2153 1464 2224 fuerit.
1513 2155 1665 2243 Querelas
1685 2175 1801 2245 nempe
1825 2158 1866 2227 de
1886 2161 1998 2244 clads,
2023 2189 2120 2254 quam
2209 2219 2214 2228 .

438 2269 559 2336 Pilatus
580 2270 772 2337 Procurator
793 2268 1001 2336 samaritanis
1020 2267 1194 2348 intulerat,
1218 2272 1396 2357 Σαμαρέων
1417 2279 1439 2356 ι)
1469 2273 1600 2360 douln
1621 2273 1661 2338 ad
1688 2273 1876 2358 Vitellium,
1901 2279 2014 2368 Syriae
2033 2287 2113 2353 Pro·

436 2388 601 2454 consulam
621 2385 789 2477 pentulina
809 2385 928 2453 dicitur
953 2386 1015 2472 (2).
1063 2388 1110 2455 tu
1129 2387 1270 2477 deniqne
1288 2387 1438 2474 Hyrcano
1450 2435 1460 2467 ,
1485 2389 1529 2455 ita
1553 2391 1592 2456 iis
1611 2393 1709 2458 etiarn
1734 2393 1930 2466 Palaestinae
1949 2403 2116 2489 partibus,

438 2528 520 2593 qnae
543 2503 655 2592 Syriae
672 2505 855 2593 provinciae
874 2503 1153 2594 adjungebantur,
1179 2506 1343 2570 tributum
1359 2505 1598 2592 imponebatur.
1856 2521 1859 2528 '

482 2623 581 2701 llaec,
602 2633 677 2689 utut
693 2623 854 2711 sapienter
875 2624 921 2687 sic
932 2645 950 2687 a
963 2620 1116 2688 Romanis
1128 2633 1257 2700 statuta,
1272 2644 1384 2688 carere
1401 2635 1583 2691 tamennon
1598 2636 1786 2714 potuerunt,
1800 2633 1970 2718 quominus
1989 2650 2117 2708 externa

436 2741 633 2808 Palaestinae
659 2737 830 2817 conditio,
861 2739 952 2806 annia
972 2760 1045 2805 mor
1073 2737 1282 2827 sequentibus
1311 2739 1488 2806 miserrima
1518 2754 1610 2810 eust.
1666 2745 1856 2814 Vexatioues
1886 2772 1981 2838 quana
2007 2779 2117 2844 graues

436 2860 575 2938 luerint,
598 2882 617 2927 e
643 2858 711 2926 solo
740 2856 845 2925 Crassi
871 2856 1018 2948 exemplo
1040 2856 1246 2923 manifestum
1277 2856 1358 2943 (3),
1396 2858 1451 2946 qui
1480 2859 1616 2927 Gabinio
1639 2862 1672 2928 iu
1702 2861 1814 2950 Syriae
1838 2865 2115 2944 administratione

434 2987 638 3044 successerat.
686 2974 852 3042 Bellorum
870 2977 1000 3065 insuper
1016 2975 1268 3041 saevissimorum
1292 2975 1453 3041 theatrum
1467 2977 1642 3043 Palaestina
1663 2983 1791 3049 mansit.
1839 2986 1971 3068 Partes,
1997 2993 2114 3081 quibus

434 3095 618 3185 praefuerat
641 3091 847 3159 Aristobulns
864 3091 920 3167 ll,
945 3090 1116 3178 Pompejus
1131 3090 1296 3176 fugaverat
1318 3089 1468 3177 quidem,
1489 3113 1554 3156 non
1571 3113 1648 3158 vero
1669 3093 1841 3169 devicerat.
1888 3103 1973 3170 ilinc
1990 3115 2115 3211 tumul.

434 3208 484 3280 ¹tus
501 3211 671 3302 perpetui,
695 3209 736 3276 ab
756 3207 961 3288 Alexandro,
987 3206 1167 3275 Aristobuli
1187 3205 1276 3286 lilio,
1299 3219 1332 3273 et
1353 3230 1371 3273 a
1393 3208 1487 3274 Patre
1505 3208 1703 3293 Alexandro,
1728 3237 1867 3306 querum
1881 3221 1942 3290 ille
1965 3225 2112 3319 PompeJi

433 3325 600 3405 manibus,
625 3328 679 3393 hic
697 3326 799 3394 Romi
822 3326 947 3416 elapsus
970 3336 1062 3402 erat,
1095 3328 1248 3391 commoti
1269 3327 1334 3411 (4).
1383 3327 1492 3393 Grcrit
1520 3329 1652 3395 istorum
1680 3335 1811 3402 audacia
1832 3336 1843 3415 ',
1866 3363 1966 3428 quum
1998 3346 2111 3416 Cacsar

432 3447 483 3515 his
498 3445 668 3536 jurandis,
699 3446 846 3535 Pompeji
872 3465 1000 3511 cansam
1018 3444 1152 3535 perdere
1174 3444 1363 3511 decrevisset
1386 3446 1450 3531 (5).
1497 3446 1747 3520 tenuissimum
1771 3477 1845 3522 rero
1864 3458 1963 3527 iidem
1983 3462 2108 3537 bostem

430 3562 591 3633 habebant
610 3564 832 3654 Antipatrum.
858 3564 920 3630 ilic
941 3565 1026 3629 enim
1045 3566 1174 3630 nominc
1186 3563 1327 3670 Hyrcani
1341 3586 1457 3652 agens,
1481 3556 1514 3631 et
1534 3576 1570 3631 ut
1589 3567 1727 3654 primurn
1742 3567 1908 3667 Pumpeji,
1933 3582 1979 3648 sic
1999 3598 2108 3674 postea

432 3683 574 3752 (lassaris
603 3684 738 3773 gratiam
765 3680 882 3749 callide
905 3695 1055 3772 captans,
1085 3706 1141 3749 sua
1165 3684 1235 3773 ipse
1262 3682 1429 3749 commoda
1455 3694 1579 3750 tantum
1605 3692 1839 3775 promovebat,
1865 3721 1947 3787 quae
1964 3726 2014 3770 res
2033 3728 2106 3773 euru

428 3802 548 3871 eritusn
569 3796 704 3878 babuit,
730 3814 765 3867 ut
786 3823 870 3867 annu
893 3806 958 3879 48,
983 3802 1134 3889 Hyrcano
1153 3801 1186 3867 in
1209 3799 1424 3887 Pontfficatu
1442 3802 1653 3883 confirmato,
1680 3808 1849 3901 Antipater
1858 3815 2002 3889 dudaeas
2016 3824 2104 3891 Pro·

430 3926 574 3985 curator
597 3916 792 4004 (ἐπίτροπος)
816 3918 1064 3986 constitueretur
1083 3917 1148 4005 (d).
1196 3911 1399 3985 illumanis
1427 3916 1506 3982 adeo
1528 3918 1666 4007 benigne
1695 3922 1844 4007 habitus,
1869 3932 2038 4027 Antipater
2065 3946 2106 4010 da

430 4031 630 4128 optimatum
646 4030 844 4102 ludaeorum
863 4035 981 4103 inridii
1001 4058 1114 4126 pamm
1136 4047 1203 4102 arat
1222 4035 1390 4102 sollicitus.
1422 4034 1536 4124 Neque
1547 4035 1639 4103 ahter
1651 4060 1683 4105 se
1695 4044 1789 4147 gessit
1808 4046 1968 4131 llerodes,
1990 4056 2109 4125 nitius:

427 4154 582 4222 APatre
600 4152 780 4235 Galilaeae,
810 4142 998 4221 allemania
1021 4152 1139 4221 deinde
1161 4152 1361 4241 Goelesyriae
1385 4155 1603 4244 praepositus,
1634 4155 1687 4223 ble
1707 4141 1856 4250 Synedrii
1879 4174 2100 4244 auctoritatum
2178 4189 2182 4207 ¹

427 4248 553 4339 deridet
571 4274 634 4359 (7).
681 4272 775 4340 Ριιιι
793 4294 915 4340 veneno
930 4295 989 4362 per
1005 4271 1178 4340 Malschum
1197 4272 1348 4351 sublato,
1369 4270 1520 4339 acaurio
1540 4273 1703 4361 primurn,
1725 4300 1798 4345 mor
1814 4281 1855 4346 ab
1876 4284 2015 4357 tarento
2041 4292 2103 4361 bo·

427 4389 559 4456 neribus
575 4388 758 4456 cumulatur
769 4392 1012 4482 ‚Antigonum
1027 4391 1204 4459 Aristobuh
1215 4392 1316 4458 illrusn
1329 4394 1558 4481 superstitem
1575 4394 1748 4483 profligat,
1768 4401 1923 4492 neptique
1935 4406 2099 4498 lignenm

424 4508 623 4588 blariamue,
656 4506 753 4575 ducti
774 4529 891 4589 uxore,
913 4509 1077 4601 inuitisque
1104 4509 1543 4605 redditisaccusationibus,
1567 4511 1737 4582 atudaeis
1760 4513 1908 4589 adsersus
1933 4526 2039 4615 ipsum
2058 4534 2099 4599 nd
2236 4516 2241 4529 ¹

465 4759 936 4858 tirso-omnnem
958 4770 1216 4851 nnerst
1458 4786 1728 4867 (aaronem
1747 4792 1937 4869 ιιιιιψιι

465 4884 741 4962 (attestamur.
760 4883 894 4954 xlm·
913 4884 1171 4950 ιι3..ιιθθ.
1270 4903 1279 4949 ·.

464 4984 507 5059 ιιι
529 4982 638 5043 suase
659 4984 743 5041 Aen.
760 4984 880 5053 ιιι
864 4991 923 5045 ..a
939 4984 979 5052 c.
997 4970 1030 5042 ι
1046 4985 1087 5043 ιι.
1089 4979 1128 5045 J
1144 4988 1175 5057 1
1194 4986 1228 5061 a,
1249 4986 1277 5049 a
1380 4988 1422 5065 (ι)
1443 4968 1553 5053 suasa.
1568 4992 1602 5053 n
1615 4992 1654 5051 s.
1666 4992 1702 5051 J.
1716 4991 1742 5093 ι.
1761 4956 1787 5051 a.
1807 4994 1832 5055 ι.

464 5082 507 5159 (6)
529 5082 613 5142 Anu.
630 5078 705 5150 xlv,
723 5077 758 5146 ὃς
779 5080 812 5137 de
825 5080 906 5141 BJ.
924 5082 947 5141 l.
969 5084 1016 5145 10.
1031 5084 1057 5144 3.
1071 5076 1236 5158 Brnrnrru
1255 5075 1363 5165 pli&
1465 5090 1469 5101 '

463 5177 1038 5263 <sJAus.x1v.e;nnJ..rro
1061 5182 1148 5243 ι-ι.
