5467 6500
1338 858 1633 967 ...ns-

643 1058 775 1138 tastatus
797 1063 868 1119 eret
901 1051 1100 1144 Episcopus,
1128 1049 1345 1121 samaritanos
1375 1050 1524 1143 meliores
1559 1052 1661 1121 iactos
1687 1075 1780 1137 cere,
1795 1068 1844 1123 ‘et
1871 1055 1931 1124 lios
1962 1056 2087 1151 quietos
2120 1082 2154 1131 sc
2183 1080 2326 1153 gessum

642 1190 730 1248 arse,
755 1171 823 1259 ipse
851 1170 1078 1261 spoponderat.
1125 1170 1250 1242 iiuada
1269 1168 1352 1239 illud
1373 1169 1515 1239 declarat
1540 1170 1727 1239 mandatum
1752 1175 1784 1242 ei
1805 1174 1960 1245 Nouellaa
1983 1178 2160 1260 insertum,
2185 1180 2269 1253 hauc
2292 1187 2326 1253 iu

642 1286 850 1381 Provinciis
868 1312 927 1379 per
942 1300 1094 1357 consueta
1113 1288 1231 1358 Edicta
1246 1287 1448 1383 publicandi·

684 1408 818 1476 lliuime
834 1420 944 1475 autem
970 1408 1144 1489 miramur,
1173 1408 1391 1479 Samaritanus
1415 1407 1450 1474 in
1474 1407 1614 1499 Legibus
1640 1408 1875 1501 adcurtntltpa's
1891 1410 2043 1493 habites,
2067 1414 2206 1505 portam
2223 1431 2323 1510 atque

638 1522 801 1602 ludaeos,
823 1526 958 1617 publico
979 1529 1157 1594 contemtui
1186 1528 1346 1618 expositor
1366 1526 1488 1606 fuisse,
1510 1527 1609 1616 cujus
1627 1530 1674 1595 rsi
1698 1528 1853 1597 iudicium
1870 1532 1964 1599 etiam
1995 1530 2128 1601 historie
2149 1534 2252 1623 Requi
2267 1538 2325 1624 ju·

636 1645 786 1712 stinianei
798 1646 910 1729 ‚offert
958 1644 1037 1713 0rti
1057 1668 1173 1737 nempe
1188 1644 1346 1714 reditione
1361 1644 1560 1735 anuollepui
1577 1649 1646 1736 ejus
1664 1644 1714 1727 5⁹,
1734 1646 1888 1716 Prasiai
1907 1651 1948 1719 ab
1968 1649 2155 1719 adversariis
2165 1651 2300 1721 ludaei
2309 1699 2324 1732 ,

639 1758 1516 1853 Manichaei,3etSamaritaenurouptlteutmlssi.
1664 1804 1668 1815 ι
1717 1803 1731 1820 ··
1927 1806 1930 1818 ·
1968 1808 1971 1817 .

1430 1954 1464 2038 ς.
1510 1950 1544 2015 ⁷.

1092 2090 1146 2161 Oe
1168 2091 1475 2161 Samaritanorum
1496 2088 1624 2160 Studio
1651 2090 1863 2166 Literurum.
1886 2167 1890 2177 ⁵
1926 2144 1930 2155 .

679 2260 831 2350 dispositi
854 2260 1041 2349 quaestione
1062 2258 1102 2327 de
1122 2258 1202 2326 locis
1215 2309 1230 2355 ,⁷
1245 2261 1303 2354 ubi
1316 2262 1401 2329 Gens
1421 2259 1612 2327 samaritane
1629 2260 1760 2341 riserit,
1780 2276 1854 2329 ante
1875 2238 1970 2353 quam
1992 2262 2031 2329 ad
2040 2263 2216 2332 Historiam
2234 2264 2324 2354 sigil-

633 2378 725 2444 latim
749 2378 970 2467 exponendam
995 2378 1179 2469 pergimus,
1203 2376 1390 2473 rideamus,
1418 2374 1496 2467 quid
1521 2371 1565 2443 dc'
1584 2376 1680 2442 rebus
1708 2380 1772 2445 suis
1796 2380 1858 2469 ipsi
1883 2372 2092 2470 aeripuerim,
2116 2364 2218 2471 utque
2245 2382 2324 2448 hacc

631 2478 815 2586 disquisitio
836 2471 902 2564 rite
918 2494 1460 2585 instituatur‚paucis'disseratuus
1483 2494 1523 2561 dc
1536 2492 1652 2595 Studio
1673 2494 1841 2574 universo,
1864 2496 1905 2562 ab
1926 2519 1964 2565 eo
1977 2498 2100 2588 Populo
2121 2499 2217 2565 retiis
2238 2510 2323 2565 tem·

631 2613 764 2705 poribus
787 2617 821 2682 in
841 2614 959 2682 literis
977 2613 1152 2681 collocato.
1263 2630 1269 2641 ’
1398 2633 1403 2643 ·
1539 2633 1542 2641 ’

634 2813 642 2831 ‚
676 2734 826 2800 Priscos
849 2732 1006 2800 ,ludaeos
1033 2732 1151 2801 literis
1174 2732 1313 2799 multum
1336 2752 1451 2822 operae
1481 2750 1632 2809 natasse,
1660 2730 1766 2833 Libri
1786 2743 1945 2798 testantur
1965 2732 2006 2801 V.
2026 2708 2066 2811 T,
2090 2746 2158 2799 tum
2187 2736 2324 2814 soluto,

631 2867 700 2918 tum
718 2854 834 2940 ligato
857 2871 1005 2917 sermone
1023 2850 1212 2938 conscripti.
1262 2848 1431 2938 Reliquos
1455 2851 1587 2914 celeres
1603 2846 1781 2947 Hebraeos
1800 2850 1984 2916 Literarum
2008 2850 2123 2917 Studio
2142 2852 2248 2918 minus
2272 2855 2323 2919 iu·

629 2970 800 3050 claruisse,
826 2965 1106 3059 qnoniampuuoo
1125 2968 1251 3034 tautum
1269 2965 1478 3035 monumenta
1496 2964 1592 3033 hodie
1601 2978 1778 3065 supersunt
1793 3014 1802 3045 ,
1816 2976 1955 3033 statuere
1974 2988 2038 3032 non
2059 2967 2145 3034 licet.
2184 2968 2321 3037 Carmen

628 3112 660 3161 r.
681 3111 712 3162 c.
734 3086 901 3166 linitores,
922 3084 1084 3154 vaticinia
1102 3082 1247 3165 Roseae,
1276 3094 1312 3152 et
1333 3080 1468 3152 fortasse
1492 3080 1663 3152 (lenticum
1692 3080 2069 3153 canticorum‘dubitare
2099 3104 2164 3152 non
2187 3087 2320 3166 sinunt,

629 3210 709 3300 quin
740 3206 803 3275 aliu
821 3205 918 3275 etiam
936 3202 1065 3295 Scripta
1091 3201 1128 3271 in
1146 3203 1258 3295 Regno
1279 3200 1506 3295 ephraimitico
1530 3201 1617 3270 edite
1644 3202 1720 3270 sint.
1763 3200 1831 3271 Nec
1860 3202 1978 3271 mirum
2012 3214 2083 3284 est,
2114 3201 2194 3274 heac
2221 3225 2323 3297 paeue

629 3328 738 3395 omnia
759 3326 903 3418 periisse.
947 3321 1083 3392 lleliore
1103 3322 1192 3391 enim
1213 3335 1246 3389 et
1266 3321 1392 3391 eruditi
1418 3319 1516 3412 hujus
1541 3321 1646 3411 Regni
1671 3321 1789 3386 cisium
1812 3332 1903 3410 parte
1922 3322 1955 3388 in
1975 3321 2138 3411 Assyriam
2154 3323 2318 3405 abducti,

629 3467 666 3516 ac
684 3446 775 3513 noris
801 3430 956 3520 Gelonis,
988 3461 1130 3532 quorum
1148 3443 1271 3532 primo¹
1291 3453 1365 3531 post
1391 3425 1562 3508 adrentum
1590 3449 1741 3527 tempore
1770 3459 1834 3504 nou
1858 3440 2025 3506 interesset
2045 3439 2173 3530 Scripta
2196 3463 2322 3508 serrare

629 3566 799 3644 hebreice,
822 3565 857 3632 in
876 3560 1091 3630 abductorum
1115 3553 1224 3626 locum
1245 3559 1429 3638 transietis,
1460 3571 1589 3625 et'cum
1607 3556 1771 3645 indigenis
1800 3556 2045 3644 superstitibus,
2076 3558 2178 3648 iisque
2206 3559 2326 3647 parum*

627 3686 749 3761 doctis,
771 3680 973 3770 conjunctis,
993 3677 1064 3744 fieri
1085 3677 1180 3744 aliter
1204 3699 1266 3776 non
1286 3677 1418 3767 potuit,
1441 3677 1521 3767 quin
1535 3673 1641 3766 Opera
1664 3675 1854 3764 antiquioris
1874 3677 1966 3756 aeri,
1990 3677 2052 3742 uisi
2073 3675 2156 3742 iuter
2178 3679 2318 3745 Judccos

627 3801 708 3886 haec
736 3810 911 3890 propagata
936 3808 1060 3875 meant,
1084 3795 1191 3862 omnia
1213 3795 1281 3863 iere
1302 3773 1459 3864 obliuioni
1485 3793 1701 3863 traderentur.
1747 3775 1860 3881 Neque
1878 3791 1996 3886 iudaei
2016 3775 2172 3885 pleraque
2193 3779 2325 3864 Israeli?

629 3932 734 3986 terum
756 3917 907 4006 Scripta,
930 3913 1050 4005 quibus
1078 3913 1249 4004 aliquando
1269 3915 1320 4007 usi
1352 3914 1495 3998 inerint,
1518 3913 1580 3980 dite
1600 3935 1740 3981 serrmse
1758 3911 1918 3982 ridentur.
1968 3915 2076 3994 llaec,
2100 3926 2137 3981 ut
2167 3917 2319 4004 permulti

628 4038 719 4107 libri
736 4035 886 4126 judaici,
910 4034 988 4124 quia
1008 4053 1120 4100 sensus
1140 4032 1164 4098 ii
1189 4026 1371 4122 spirarent,
1393 4045 1577 4124 temporum
1602 4031 1740 4100 decursu
1761 4031 1984 4121 improbatos,
2004 4055 2021 4098 a
2045 4031 2162 4102 culros
2186 4033 2320 4098 mosaici

628 4158 724 4225 sociis
757 4153 915 4242 seposita,
940 4164 1083 4230 remote,
1112 4149 1239 4240 perdita
1263 4153 1337 4218 sint.
1397 4227 1401 4234 .

673 4275 857 4344 Litererum
878 4269 1104 4338 hebraicarum
1127 4266 1279 4335 Studium
1300 4289 1363 4334 une
1383 4271 1457 4335 c'um
1476 4266 1587 4360 licque
1614 4267 1724 4337 everso
1755 4271 1788 4336 in
1820 4265 1932 4334 mediis
1963 4263 2179 4355 Xllribubus
2198 4271 2317 4332 exstin-

629 4405 739 4470 ctum,
763 4411 829 4456 uon
846 4390 935 4478 prius
952 4369 1070 4477 iterum
1090 4387 1264 4478 excitatum
1280 4386 1397 4468 fuerit,
1427 4409 1528 4484 quem
1538 4386 1689 4478 judaicus
1709 4389 1830 4456 lahveo
1850 4384 1963 4454 Cultus
1994 4383 2082 4473 apud
2101 4383 2318 4455 samaritanos

629 4505 1143 4589 constitutus,et1t.snuteechm
1161 4507 1204 4576 elo
1221 4507 1260 4577 iis
1274 4507 1398 4597 recepti
1418 4521 1535 4584 essent.
1570 4508 1657 4586 ileos
1677 4506 1787 4574 saltem
1801 4503 1973 4572 Sacrorum
1991 4503 2173 4571 emendatio
2185 4525 2318 4594 magnae

630 4633 699 4698 siue
719 4629 819 4696 dubio
843 4627 1003 4694 efficaciae
1026 4625 1091 4692 fuit
1111 4625 1144 4691 in
1166 4625 1288 4692 animos
1308 4649 1444 4708 eorum,
1470 4632 1528 4718 qui
1550 4649 1623 4696 eum
1644 4625 1774 4694 cultum
1797 4621 2079 4711 amplecterentur.
2129 4622 2210 4708 Quid
2231 4623 2318 4690 Gen·

632 4753 716 4820 tium
741 4731 1073 4836 (iultumlprofit'entes
1097 4727 1372 4838 antiquioribus·
1389 4733 1439 4814 iis
1469 4727 1682 4836 temporibus
1699 4727 1733 4810 in
1753 4727 1873 4810 'Literis
1903 4725 2043 4808 colendis
2076 4735 2314 4830 praestiterint,

632 4874 722 4940 latet.
776 4868 982 4936 Ileocnta'ori
1009 4878 1112 4933 aetate
1140 4889 1177 4934 ex
1207 4867 1246 4932 iis
1268 4867 1338 4933 Viri
1360 4863 1508 4933 nonnulli
1540 4837 1591 4958 (ut
1622 4853 1860 4932 observavimus
1886 4881 1980 4952 supra
2004 4847 2042 4950 p.¹
2065 4851 2121 4948 ts)
2156 4861 2314 4930 incle'rue·

634 5006 711 5061 runt
733 4975 921 5061 literarum
938 4985 1034 5054 leude
1055 4987 1207 5074 insignes.
1233 4956 1239 4979 ι
2262 4973 2266 4982 ’

639 5155 900 5184 Μ

673 5257 717 5335 (l)
739 5253 819 5316 Cori.
840 5253 996 5314 Terorats.
1018 5245 1244 5330 otroaogmpt,
1258 5265 1292 5328 p.
1308 5247 1380 5324 too,
1398 5227 1545 5310 'ed-Bone.
1563 5245 1593 5322 1,·
1612 5267 1639 5327 p
1655 5243 1726 5306 280.
