5467 6500
1309 830 1629 911 .-28-·

638 1036 745 1125 jeotse
759 1036 876 1101 essem.
919 1025 1052 1099 Essnles
1073 1032 1191 1117 neuipe
1206 1026 1257 1093 -10
1277 1024 1436 1097 Tribuum
1458 1025 1539 1117 Regi
1562 1022 1742 1095 ldisbenes
1759 1034 1851 1095 eruat
1867 1020 2003 1100 subditi.
2050 1028 2222 1123 llisssdiotis
2244 1032 2322 1109 haer

641 1152 813 1218 lnsrnuns
832 1148 873 1216 da
895 1149 1051 1217 immenso
1069 1145 1287 1239 lesselitarum
1306 1142 1341 1209 in
1362 1142 1469 1209 medii
1488 1143 1565 1211 usit
1587 1164 1722 1211 numero
1750 1140 1861 1211 addite
1886 1146 1924 1209 ul
1942 1145 1978 1213 tt
1997 1146 2076 1215 diuo
2102 1148 2202 1233 uolat
2222 1151 2327 1239 uleus

642 1274 723 1360 sines
740 1269 909 1355 Edppdsov
924 1264 982 1343 lose
1000 1264 1108 1350 deligo,
1130 1260 1278 1349 μυριάδες
1296 1264 1444 1345 ἄπειροι,
1465 1261 1521 1327 sul
1541 1261 1668 1347 ἀριθμῷ
1688 1265 1876 1343 γνωσθῆναι
1895 1262 1937 1342 μὴ
1960 1258 2149 1345 terarum.
2194 1263 2274 1333 Tum
2291 1268 2327 1333 iu

643 1382 806 1459 aliorum,
829 1390 899 1445 tuns
919 1382 954 1445 iu
973 1371 1094 1469 iprum
1116 1378 1213 1444 etism
1230 1374 1365 1465 grstinm
1387 1373 1706 1441 testeturlustt’nns
1729 1371 1843 1441 Libros
1859 1394 1892 1440 se
1912 1373 2072 1463 scripsisse
2095 1374 2136 1443 de
2148 1376 2250 1447 Bello
2261 1386 2326 1470 ju·

642 1498 747 1563 daun
760 1493 920 1581 (l’rooero.
937 1481 1029 1590 lillri
1040 1493 1066 1565 li
1088 1496 1120 1580 S.
1135 1496 1185 1579 2).
1232 1493 1280 1560 do
1301 1492 1452 1580 frequens
1471 1490 1571 1581 ipsius
1593 1500 1696 1556 aetute
1715 1488 1814 1556 luisse
1830 1487 2029 1557 ludaeorum
2046 1468 2327 1582 palaestinensiuui

644 1634 719 1680 oum
740 1615 779 1679 iis
800 1610 953 1682 lsrs'e'litis
973 1611 1225 1695 dommeroiurn,
1240 1608 1387 1673 norimus
1405 1628 1468 1673 uon
1491 1604 1589 1673 modo
1609 1627 1647 1672 ex
1668 1605 1736 1694 ejus
1748 1605 1847 1675 Ante.
1865 1604 1937 1675 XX.
1956 1611 1977 1672 2
2001 1608 2082 1698 (quo
2101 1608 2177 1677 loeo
2195 1626 2326 1691 uurrnt,

644 1733 802 1800 lleleusm
814 1727 1052 1800 Adiabenorum
1064 1728 1242 1818 Reginum,
1264 1746 1338 1789 oum
1356 1722 1425 1789 lilio
1445 1722 1552 1801 lente,
1573 1720 1759 1789 eorumdem
1778 1723 1864 1813 Rege
1875 1722 2027 1803 ,ludaeis
2047 1726 2253 1817 operantibus
2265 1728 2330 1797 ile·

644 1850 800 1937 lipiooenr
818 1846 984 1936 judaicam
1007 1846 1185 1938 amplexam
1205 1860 1295 1919 esse3
1322 1840 1386 1906 imo
1406 1841 1515 1920 lsuue,
1534 1859 1628 1929 aegre
1647 1838 1825 1905 ferentibus
1846 1838 2043 1923 Adiabenis,
2064 1849 2327 1923 os'reumes‘sum,

645 1969 749 2032 illum
770 1986 844 2032 vero
864 1966 926 2031 iter
938 1964 1160 2052 Hierosolyma
1182 1956 1394 2042 instituisse),
1412 1954 1472 2023 sed
1491 1978 1529 2025 er
1551 1956 1696 2033 oratioue¹
1713 1956 1791 2023 item
1805 1958 1968 2047 Agrippae
1984 1958 2026 2026 ad
2043 1959 2186 2029 ludaeos
2201 1959 2327 2040 habiti,

644 2096 683 2149 ut
704 2082 755 2151 his
773 2082 895 2149 bellurn
915 2102 1000 2149 oum
1022 2080 1173 2148 llomauis
1189 2074 1385 2146 dissuaderet
1407 2072 1462 2159 (de
1491 2072 1534 2141 B.
1555 2072 1591 2143 Ι.
1614 2071 1660 2143 11.
1687 2075 1740 2141 16.
1764 2073 1827 2159 4.).
1877 2074 1963 2142 ll'uns
1982 2074 2104 2166 lepores,
2130 2079 2156 2143 is
2177 2078 2326 2167 quaerit,

646 2200 782 2270 Judaes'
797 2199 1036 2299 extendissent
1051 2201 1091 2263 s'rs
1106 2206 1226 2262 terros
1244 2194 1288 2260 od
1309 2190 1648 2282 altero-Euphratis
1668 2190 1800 2270 latere,
1824 2198 1858 2257 et
1878 2195 1916 2257 s'ss
1930 2176 2123 2284 populares
2141 2193 2329 2261 adiabenos

649 2319 736 2403 (rode
751 2318 791 2411 dl
812 2320 848 2385 ts
867 2323 924 2398 τῆς
944 2313 1149 2401 Ἀδιαβηνῆς
1166 2306 1392 2395 duoetllovell

692 2436 816 2501 Paucae
835 2442 868 2497 et
890 2421 1083 2520 plerusuque
1101 2423 1266 2492 fabulosae
1286 2437 1362 2491 suut
1379 2423 1579 2495 ludaeorum
1604 2425 1644 2493 iu·
1658 2422 1815 2493 Talmude
1836 2438 1869 2494 et
1891 2425 2112 2495 llsbbinurum
2133 2426 2270 2519 Soriptis
2290 2428 2330 2497 de

647 2554 690 2619 10
708 2548 871 2617 Tribnbus
891 2544 1074 2613 relationes.
1129 2538 1203 2607 Non
1223 2562 1354 2631 prorsus
1375 2539 1507 2633 quidem
1529 2543 1555 2609 ii
1574 2541 1706 2611 Essules
1726 2540 1811 2633 apud
1833 2541 1905 2611 illos
1935 2543 1969 2611 in
1999 2541 2193 2613 oblivionem
2216 2544 2332 2613 abiisse

645 2669 821 2749 ridentur,
843 2677 876 2734 st
903 2658 1096 2729 commercio
1123 2678 1238 2727 eorum
1254 2679 1330 2726 eusn
1358 2658 1434 2749 ipsis
1460 2658 1494 2725 in
1523 2657 1593 2727 dies
1621 2659 1721 2748 magis
1752 2661 1958 2751 interrupto,
1979 2680 2017 2727 so
2041 2658 2200 2729 Tribuum
2221 2682 2331 2730 esrum

645 2784 832 2853 conditione
854 2778 948 2846 selde
968 2773 1119 2851 mutati,
1139 2772 1258 2843 ludaei
1279 2773 1320 2840 de
1343 2776 1383 2840 iis
1408 2774 1514 2841 minus
1536 2774 1666 2843 solliciti
1688 2775 1766 2842 laeti
1794 2778 1876 2853 siut,
1900 2774 2076 2866 odiumque
2092 2776 2126 2845 in
2146 2800 2199 2846 ess
2226 2799 2333 2847 susce·

643 2903 766 2995 petint.
819 2897 875 2967 Sio
908 2893 1089 2987 explicetur
1117 2889 1395 2979 Peregrisserum
1418 2897 1726 2961 consummatorum
1756 2866 1895 2971 nornen,
1929 2912 1995 2981 quo
2021 2892 2131 2960 seculo
2160 2890 2333 2962 3⁰1tsbbt

645 3022 786 3089 danunt
809 3020 851 3085 10
867 3010 985 3083 Tribus
1004 3006 1170 3102 sppellst,
1193 3017 1227 3077 et
1246 3004 1582 3099 Proeputs'utorum,
1609 3027 1675 3098 quo
1700 3006 1736 3077 iu
1763 3005 1920 3079 Talmude
1940 3006 2225 3099 hierosolymitano
2245 3031 2331 3079 nun·

547 3158 552 3166 ⁴
645 3151 805 3229 eupuutnr
827 3132 892 3221 (1).
2317 3218 2319 3225 Α

691 3256 720 3324 A
741 3253 875 3322 ludaeis
896 3250 973 3318 itone
995 3243 1152 3336 magistris
1180 3243 1402 3313 llttnottrrsus
1429 3240 1571 3328 (saeculo
1596 3242 1648 3332 4⁰)
1671 3247 1857 3336 receperit,
1885 3232 1969 3337 unse
1996 3246 2036 3315 de
2057 3244 2172 3314 iisdem
2192 3246 2332 3336 seripsit.

642 3373 699 3446 'ed
727 3373 814 3441 Osee
835 3392 907 3460 oep.
926 3368 977 3445 Ι..
998 3361 1146 3443 Bessus,
1169 3361 1301 3452 iuquit,
1328 3359 1458 3427 Tribus
1477 3368 1603 3449 nuptae
1622 3371 1703 3428 suut
1721 3387 1746 3430 u
1764 3363 2003 3433 Sulmunusor
2027 3386 2109 3456 rege
2132 3363 2330 3438 Chaldaeo·

647 3516 742 3570 runs,
756 3498 791 3558 e!
804 3494 844 3555 s'rs
867 3485 1054 3558 Medorum
1069 3478 1240 3546 montibus
1259 3478 1477 3555 collocutae,·
1500 3490 1534 3545 et
1553 3475 1593 3544 nd
1613 3478 1754 3568 onp.ll,
1779 3501 1886 3569 usque
1906 3482 2028 3562 hodie,
2051 3483 2114 3562 ait,
2138 3481 2333 3549 Persarum

645 3609 790 3698 regibus
810 3600 997 3690 (Srssnidis)
1019 3601 1176 3664 seruiunt
1204 3591 1424 3681 (israelitae),
1449 3601 1484 3656 et
1501 3615 1684 3681 numquam
1706 3601 1894 3660 esseorum
1918 3597 2035 3663 solutu
2061 3601 2269 3685 eaptivitas.

693 3718 766 3792 Nou
782 3720 879 3813 pluru
897 3737 1003 3807 neque
1023 3712 1172 3780 uberiora
1192 3707 1233 3776 de
1256 3709 1296 3775 iis
1317 3706 1482 3776 Tribubus
1503 3731 1540 3776 es
1559 3711 1752 3801 antiquitate
1778 3713 1959 3780 testimonia
1985 3734 2168 3803 superesse,
2192 3716 2332 3804 pruriter

648 3842 808 3909 dolemus.
855 3837 943 3924 Quae
957 3835 1087 3922 jaoturu
1103 3851 1169 3918 quo
1187 3827 1307 3894 tristior
1318 3838 1387 3905 ,eo
1407 3827 1527 3916 gratius
1545 3840 1593 3895 est
1613 3828 1762 3896 narsen
1774 3850 1870 3919 supro
1888 3840 2099 3897 memoratum
2109 3827 2211 3920 Opus.
2260 3831 2332 3918 Quo

649 3958 875 4035 considerato,
897 3965 932 4020 et
960 3971 1035 4018 eum
1061 3945 1203 4016 llistoril
1225 3943 1370 4024 colluto,
1395 3943 1567 4016 obscurum
1593 3943 1680 4012 istud
1708 3947 1889 4014 seculorum
1912 3945 2141 4040 intervallum,
2164 3969 2222 4037 per
2244 3948 2331 4036 quod

648 4078 706 4164 illa
729 4075 815 4146 Gens
834 4075 869 4140 iu
892 4069 932 4136 iis
952 4067 1046 4137 terris
1066 4063 1176 4152 degit,
1200 4059 1438 4151 quedammodo
1461 4061 1652 4131 illustratur.

692 4194 892 4265 Jndneoruur
907 4187 1061 4256 nimirum
1073 4203 1148 4247 oum
1167 4181 1207 4246 iis
1227 4179 1457 4246 oourrneroium
1479 4201 1545 4246 uon
1562 4178 1658 4246 modo
1680 4181 1899 4271 interruptum
1915 4200 1982 4249 esse
2002 4177 2129 4248 ridetur
2145 4180 2237 4252 bellis
2256 4204 2332 4274 per·

648 4313 778 4403 petuis,
799 4332 819 4373 a
841 4303 994 4374 Romanis
1016 4300 1253 4391 primumcum
1277 4294 1422 4373 Parthis,
1444 4294 1561 4365 deinde
1586 4317 1661 4364 oum
1682 4297 1843 4368 Ssssnidis
1861 4298 1978 4388 gestis,
2001 4297 2056 4364 sed
2080 4299 2113 4365 in
2134 4299 2244 4390 priuis
2263 4301 2330 4388 ipsi
2357 4363 2361 4372 ,

651 4450 748 4518 quem
767 4423 857 4503 dixi,
881 4422 923 4487 10
942 4419 1098 4485 Tribuum
1126 4413 1310 4481 conditione
1327 4411 1420 4480 valde
1438 4415 1574 4484 mutati.
1598 4414 1725 4503 Major
1744 4437 1860 4504 nempe
1874 4437 1993 4482 eurum
2011 4437 2126 4504 pore,
2144 4423 2332 4506 postquam

649 4548 817 4612 universa
829 4541 915 4627 sero
932 4540 1091 4627 ipsarum
1113 4529 1205 4599 Gom
1225 4529 1277 4596 od
1286 4527 1510 4598 Iudaismum
1528 4544 1602 4600 ante
1621 4535 1838 4613 transierat,
1862 4530 1912 4598 ssd
1929 4531 2150 4622 Religionem
2172 4529 2332 4600 oteness·-

650 4684 755 4728 ussum
772 4678 939 4727 souuerse
957 4660 1021 4720 est.
1051 4647 1252 4717 ludaeorum
1267 4643 1418 4715 sidslioet
1436 4647 1561 4717 easdem
1583 4648 1623 4717 sd
1635 4648 1841 4736 llosa'r'smuus
1860 4647 1999 4716 duoendi
2021 4662 2153 4716 conatus
2171 4671 2238 4719 nou
2257 4649 2331 4717 leli·

585 4751 589 4758 ⁸
649 4803 719 4847 eom
741 4777 889 4845 habuisse
912 4789 1062 4840 euentum
1074 4789 1159 4849 ,nou
1181 4765 1295 4832 exinde
1314 4765 1483 4855 seqnitur,
1508 4764 1595 4854 quod
1613 4778 1763 4836 narrante
1784 4769 1939 4836 destruo
1962 4765 2076 4853 (Aust.
2098 4765 2170 4836 xx.
2193 4767 2228 4853 2)
2250 4768 2329 4837 lasti

648 4898 803 4966 continuo
822 4888 1101 4962 oirounroisiousm
1120 4881 1363 4964 dissusdebant,
1383 4903 1425 4952 ue
1443 4881 1587 4966 seilicet,
1606 4881 1729 4978 Geuts's
1747 4886 1927 4954 suimunru
1941 4903 1975 4949 se
1992 4880 2199 4955 sbalieuaret.
2246 4885 2331 4954 Gens

693 5249 737 5323 (1)
757 5247 841 5316 loss,
864 5241 963 5303 caet.
983 5239 1035 5300 der
1049 5237 1111 5298 Isr.
1133 5233 1184 5298 ll.
1205 5252 1233 5316 p.
1245 5232 1306 5296 219
1321 5250 1393 5312 seq„
1413 5236 1441 5293 el
1458 5232 1494 5294 t.
1515 5233 1650 5316 Asung.
1667 5255 1694 5315 p.
1709 5231 1756 5296 13.
