5467 6500
1109 847 1422 946 „roa-.-

421 1071 509 1128 tores
523 1057 620 1125 inisse
629 1097 641 1134 ,
666 1045 888 1142 qeiscre'dat?
919 1043 1360 1128 steteruntmaesti,
1383 1043 1428 1110 ris
1448 1064 1559 1111 eornm
1578 1051 1659 1111 mm
1676 1045 1778 1112 iracta
1794 1045 1946 1136 quidem,
1963 1049 2104 1142 iaeials'rp

423 1199 499 1243 aero
521 1197 561 1242 eo
592 1169 813 1238 vehementius
844 1166 973 1230 incensa
992 1176 1051 1232 est.
1108 1165 1196 1249 Quae
1220 1161 1383 1251 quomodo
1417 1183 1471 1228 eos
1497 1163 1720 1252 instigarerit,
1757 1177 1798 1230 ut
1816 1165 1890 1232 dati
1914 1169 2102 1252 occasione,

426 1293 467 1360 de
488 1292 615 1379 injuriis
635 1287 734 1356 illatis
757 1283 929 1350 vindictam
949 1295 1134 1363 sumerent,
1157 1281 1364 1350 Ptolemaidis
1385 1283 1688 1360 testeturobsidio,
1713 1305 1796 1372 qnae
1816 1285 2000 1353 Alerendro
2019 1273 2107 1370 1ηηῖ-

422 1430 632 1499 naeograres
654 1404 817 1473 molestias
835 1403 955 1469 crearit
976 1402 1041 1488 (1).
1084 1400 1153 1468 Nec
1184 1424 1256 1468 raro
1282 1399 1444 1488 ejusmodi
1475 1400 1608 1468 ludaeis
1641 1401 1780 1484 nocendi
1809 1406 2039 1493 opportunitas
2067 1408 2106 1488 iis

423 1526 624 1616 temporibus
641 1522 851 1592 samaritanis
873 1520 981 1587 oblata
997 1528 1069 1598 est,
1100 1519 1166 1585 sire
1189 1518 1274 1586 bella
1301 1520 1500 1608 cogitamus,
1534 1541 1616 1608 quae
1645 1519 1763 1586 Judeei
1781 1532 1859 1586 tunc
1885 1543 1960 1590 cum
1982 1523 2105 1600 litteris

420 1656 585 1737 gesserunt¹
598 1690 608 1722 ,
628 1644 695 1710 sire
717 1641 914 1719 discordias,
937 1640 971 1705 in
997 1638 1084 1727 regii
1110 1638 1253 1728 ipsorum
1277 1638 1399 1704 familii
1426 1637 1520 1728 reigo
1541 1637 1710 1718 furentes,
1742 1659 1779 1704 ac
1803 1639 1933 1720 turbes,
1959 1663 1978 1706 a
2002 1639 2106 1724 Sectis

415 1764 564 1854 judaicis⁴
585 1761 747 1829 excitatas.
804 1760 864 1826 llis
885 1767 1103 1835 enervataeet
1124 1768 1289 1845 quassatae
1309 1757 1403 1844 reip.
1417 1756 1568 1843 judaicae
1587 1756 1733 1845 potentie
1756 1758 1863 1824 subito
1886 1756 2104 1842 labefactata,

423 1905 471 1957 ac,
494 1881 632 1948 nominis
652 1876 848 1947 Haccrhaici
878 1876 1049 1944 celebritas
1078 1888 1150 1966 post
1181 1875 1367 1944 iohannem
1387 1875 1574 1962 Hyrcanum
1599 1874 1690 1944 hreri
1715 1877 1884 1943 obscurata
1907 1889 1976 1960 est.¹
2013 1879 2105 1946 liclia

419 2024 485 2077 nen
502 2000 599 2068 modo
618 2009 763 2086 suscepta
784 2008 882 2076 sunt,
905 1995 947 2061 ad
969 1994 1089 2064 Gentes
1108 1995 1321 2084 subigendas
1342 1995 1417 2080 (2),
1441 1993 1495 2060 sed
1519 1995 1616 2060 etiam
1637 1992 1678 2059 ad
1697 1995 1843 2062 subactas
1870 1995 2101 2078 coercendas,

359 2091 365 2099 .
420 2133 453 2189 et
466 2120 587 2189 eludes
602 2126 686 2185 cate
703 2123 866 2203 acceptae
886 2113 1109 2202 reparandas
1122 2113 1187 2200 (3).
1217 2114 1290 2181 Non
1309 2134 1436 2200 semper
1456 2113 1543 2178 enim
1565 2113 1711 2190 victricia
1732 2127 1824 2182 erant
1836 2114 2102 2196 Maccahaeorum

418 2262 521 2310 mnae.
565 2236 725 2306 Panditur
746 2231 926 2310 Alexander
947 2231 1110 2300 Jannaens
1135 2231 1177 2298 ah
1210 2232 1391 2312 Arahihus,
1422 2246 1454 2299 et
1475 2253 1578 2322 prope
1600 2229 1788 2298 Siohemum
1810 2255 1829 2296 a
1854 2231 2017 2300 Demetrio
2037 2235 2105 2302 liu-

418 2357 594 2444 noeroil).
649 2352 720 2431 Nec
736 2347 873 2420 miranss
909 2350 1137 2420 APbarisaeis
1156 2349 1211 2416 bic
1240 2351 1433 2428 invocatus,
1466 2363 1497 2416 et
1518 2348 1559 2416 ab
1578 2347 1628 2415 his
1648 2349 1681 2415 in
1704 2349 1886 2417 Alexandro
1910 2349 2104 2416 debellando

411 2487 548 2546 'urenae
566 2471 697 2559 adjutus
713 2480 796 2538 erat.
852 2467 1031 2536 Alexander
1051 2492 1128 2536 roro
1147 2471 1212 2538 auis
1232 2471 1350 2536 merito
1371 2467 1541 2548 diffidens,
1566 2469 1676 2556 copias
1696 2471 1902 2559 peregrinas,
1927 2491 1964 2536 ex
1982 2469 2104 2537 Pisidii

419 2604 453 2658 et
477 2591 591 2659 Cilicii
612 2587 785 2664 collectas,
809 2587 1006 2655 conduxerat
1025 2589 1088 2674 (5).
1137 2590 1183 2659 Ea
1203 2609 1279 2675 ergo
1298 2586 1446 2666 Civitatis
1462 2585 1615 2673 judaicae
1634 2608 1672 2652 eo
1691 2587 1759 2674 jam
1783 2601 1937 2677 regnante
1958 2565 2102 2654 conditio

418 2720 510 2786 erat,
533 2719 592 2786 ut,
628 2704 690 2770 nisi
710 2705 858 2791 Regnum
877 2705 1118 2772 Seleucidarum
1139 2717 1172 2770 et
1191 2704 1449 2770 Ptolemaeorum
1467 2703 1545 2768 adae
1567 2716 1772 2770 extenuatum
1795 2704 1932 2782 luisset,
1957 2703 2102 2768 inbellis

417 2849 489 2897 cem
519 2825 570 2892 bis
595 2822 717 2888 obortis
746 2822 801 2887 illa
832 2822 900 2889 sine
923 2822 1023 2889 dubio
1052 2822 1285 2898 succubuisset.
1330 2823 1405 2893 Non
1427 2823 1609 2888 dictamen
1629 2822 1828 2906 ludaeorum
1857 2822 2003 2901 (linitas,
2029 2822 2103 2901 teba

419 2944 544 3018 insternit
563 2944 597 3016 iu
618 2941 685 3008 dies
711 2941 810 3029 magis
828 2942 960 3030 attrita,
986 2941 1156 3018 incolumis
1186 2941 1304 3009 senari
1326 2941 1448 3029 potuit.
1495 2937 1690 3019 Phoroneis,
1716 2939 1775 3004 sub
1796 2939 1998 3018 Alexandri,
2025 2943 2103 3008 Ale·

421 3062 533 3128 xandri
546 3061 685 3130 Jannaei
705 3057 809 3124 vidue
831 3059 1015 3144 (ts-⁷1),
1040 3060 1260 3146 principatum
1282 3055 1502 3122 obtinentibus
1518 3104 1527 3133 ,
1541 3055 1709 3122 inferiores
1721 3055 1980 3126 Sadducaeorum
1994 3074 2102 3148 parter

418 3182 655 3255 resisterenon
682 3175 856 3239 desierant.
904 3175 995 3240 Dece
1024 3175 1214 3240 Aristobulo
1233 3173 1267 3242 Il
1302 3173 1464 3259 (71-63)
1498 3172 1560 3240 hae
1593 3195 1745 3266 qnoque,
1785 3174 1937 3265 llyrcano
1966 3178 2097 3268 fugato,
2174 3155 2176 3160 ¹

416 3298 661 3369 Pharisaeorum
682 3293 836 3359 insaniam
858 3300 1021 3365 coercent.
1067 3294 1111 3362 lli
1141 3292 1220 3361 riuti
1244 3292 1476 3381 Antipatrum,
1501 3293 1642 3359 nobilem
1669 3294 1859 3363 Idumaeam
1894 3298 2014 3363 socium
2036 3299 2097 3363 sibi

418 3426 595 3491 mannent.
642 3412 691 3478 Ao
707 3413 775 3498 jem
802 3412 1028 3490 Aristobulns,
1053 3410 1236 3488 obirati,
1270 3409 1426 3499 adquam
1451 3410 1638 3498 confugerat
1663 3410 1853 3498 llyrcanns,
1888 3427 1919 3479 et
1941 3438 1959 3477 a
1983 3414 2097 3479 Phari-

419 3534 558 3609 maisin
586 3554 725 3599 summas
747 3529 910 3620 angustias
928 3529 1159 3616 Hierosolymis
1183 3528 1352 3607 redactus,
1379 3529 1623 3607 Romanorum,
1659 3528 1718 3593 sub
1742 3527 1865 3596 Scauro
1894 3544 1926 3596 et
1958 3532 2098 3599 Gabinio

420 3656 547 3744 Syriam
564 3666 641 3721 tunc
664 3650 914 3739 occupantium,
936 3648 1093 3716 auxilium
1117 3646 1280 3738 implorat.
1327 3647 1540 3737 Pompejnm,
1579 3666 1650 3713 mox
1671 3646 1817 3715 Damasci
1848 3650 2037 3740 degentem,
2061 3664 2101 3719 ut

421 3798 471 3842 res
491 3771 632 3841 Orientis
651 3769 894 3847 moderaretur.
925 3766 1085 3835 Pharisaei
1107 3770 1251 3857 primam
1271 3765 1412 3848 adeunt,
1445 3763 1563 3833 deinde
1585 3768 1683 3834 etiam
1713 3766 1928 3835 Aristobuius.
1977 3770 2016 3837 1η
2039 3746 2099 3839 lite
2200 3830 2203 3836 .

421 3888 643 3980 componendi
655 3888 826 3975 Pompsjue
846 3887 988 3974 primum
1005 3896 1176 3952 cunctatur
1192 3886 1360 3972 sagaciter.
1407 3882 1548 3951 Tandem
1571 3904 1645 3950 sero
1665 3883 1830 3973 Antipatri
1850 3889 1966 3953 astutiai
1985 3888 2100 3957 Phari·

422 4011 486 4077 saei
499 4005 679 4097 superiores
698 4002 847 4068 eradunt.
884 4001 1076 4077 Aristobulo,
1089 4004 1224 4070 Romam
1242 3999 1383 4067 abducto
1393 4048 1405 4081 ,
1428 4000 1595 4088 Hyrcanae
1608 3998 1768 4083 Iudaees
1788 4002 1936 4069 Pontifex
1954 4004 2097 4071 etPrin-

422 4148 498 4218 sepa
528 4137 673 4195 creature
707 4142 745 4189 ac
775 4122 916 4211 ratique
946 4120 1143 4191 Palaestinae
1155 4130 1265 4213 parte
1289 4120 1403 4211 Syriae
1425 4118 1612 4187 Provinciae
1645 4119 1771 4207 adjecti
1795 4118 1867 4207 (6).
1900 4119 2102 4217 Samaritani

423 4246 594 4319 Romanis
615 4242 844 4331 subjiciuntur.

428 4414 432 4420 Α
467 4365 742 4435 Samaritanorum
769 4371 870 4456 status
900 4354 961 4426 sub
986 4358 1186 4427 ludaeorum
1218 4360 1423 4451 principatu,
1465 4354 1692 4425 deficientibus
1724 4353 1852 4425 disertis
1880 4358 2102 4442 testimoniis,

426 4484 619 4572 sigillatim
648 4477 787 4547 describi
819 4477 943 4567 nequit.
990 4478 1038 4545 Ex
1061 4479 1207 4546 instem
1228 4479 1267 4545 de
1286 4479 1336 4545 'eo
1360 4489 1505 4564 tempore
1532 4460 1770 4555 relationibus,
1794 4480 1954 4542 universe
1979 4488 2102 4573 tantum

426 4602 467 4670 de
495 4625 533 4668 eo
551 4598 699 4691 indicare
719 4594 810 4662 licet.
854 4594 980 4662 ludaei
997 4595 1199 4665 Samaritidis
1224 4598 1326 4665 orbes
1346 4598 1560 4687 praecipuas
1586 4616 1624 4663 ac
1648 4597 1726 4663 loca
1747 4616 1901 4689 quaeque
1930 4600 2004 4664 situ
2026 4621 2105 4666 mu·

466 4862 512 4937 (1)
532 4862 640 4921 tem
657 4855 832 4919 Asaxtn.
854 4854 911 4927 tr,
929 4854 975 4916 tt.

471 4960 515 5039 (2)
536 4956 707 5022 Aristobnim
722 4957 938 5033 Igloii-loei
956 4976 1021 5018 rte.
1036 4956 1168 5020 Itaresor
1183 4960 1300 5042 subjecit
1321 4962 1444 5038 (Josrea.
1463 4962 1511 5023 bi.
1532 4958 1615 5023 xltt
1631 4961 1695 5037 11).

471 5060 517 5138 (Β)
535 5058 642 5120 Bellum
657 5077 683 5117 r.
691 5076 718 5136 g.
734 5057 876 5117 Alexandri
889 5058 1004 5119 Janaaei
1023 5058 1190 5142 (106-79)
1209 5082 1274 5127 cum
1292 5062 1374 5124 Arata
1389 5064 1512 5129 tlosmu.
1527 5062 1574 5123 1.-1.
1595 5060 1677 5123 xtn.
1699 5060 1748 5124 15.
1765 5057 1808 5141 2).
1885 5082 1890 5089 “

473 5162 516 5241 (1)
535 5160 646 5221 Josaea.
662 5157 711 5219 tt
727 5155 811 5214 xltt.
825 5157 873 5213 13·
890 5160 930 5230 5,
948 5166 976 5218 et
992 5159 1041 5220 lt.
1060 5158 1086 5218 1.
1289 5165 1333 5247 (5)
1353 5165 1465 5227 Josrrx.
1487 5162 1532 5225 11.
1550 5160 1632 5225 11111.
1649 5158 1695 5224 13.
1712 5160 1741 5223 5.

474 5262 518 5343 (6)
537 5260 651 5324 lustra.
665 5257 712 5321 bl.
725 5254 811 5319 xm.
822 5254 874 5332 16,
891 5263 920 5319 et
932 5256 1113 5323 ΚΝΑ-1·
1603 5298 1609 5309 -

1824 5354 1884 5419 il*
