5467 6500
1479 814 1520 827 u,

1353 851 1369 861 ·.
1398 850 1418 863 ,ι
1473 834 1523 907 36

649 1025 816 1092 rirandum
840 1038 909 1104 est,
933 1023 1032 1114 idqne
1058 1025 1092 1090 in
1114 1020 1250 1111 Scriptis
1280 1022 1476 1113 apocryphis
1505 1024 1544 1090 V.
1569 1024 1606 1089 Τ.
1634 1018 1748 1093 nullibi
1770 1028 1899 1099 ebrium
1913 1082 1923 1114 ,
1947 1039 2086 1125 primum
2117 1040 2203 1129 opud
2228 1043 2329 1111 luss-

649 1164 745 1211 rrrurr
774 1140 916 1211 occurrit
937 1146 1007 1257 (1),
1040 1146 1131 1232 cujus
1161 1158 1268 1208 tamen
1296 1154 1403 1208 aetate
1435 1142 1496 1207 hoc
1520 1142 1624 1208 multo
1644 1154 1731 1211 certe
1756 1148 1919 1239 antiquitis
1941 1165 2001 1221 est.
2049 1153 2208 1238 (lausum,
2234 1182 2334 1251 quere

647 1265 841 1333 Samaritani
864 1266 911 1330 sio
932 1265 1038 1329 vocati
1054 1264 1140 1341 sint,
1165 1262 1242 1327 dum
1260 1271 1376 1337 antea,
1398 1274 1434 1325 ut
1456 1266 1476 1326 2
1499 1263 1575 1353 lieg.
1593 1262 1697 1329 xvtt.
1718 1268 1779 1343 29,
1804 1265 1995 1336 dicebantur
2015 1275 2204 1375 fiij-ppei,
2228 1278 2332 1347 Eure

648 1412 775 1477 sttrs
802 1409 850 1499 (2)
876 1407 959 1475 hanc
987 1429 1054 1475 esse
1077 1408 1259 1484 existimet,
1292 1404 1378 1499 quod
1409 1406 1524 1492 major
1555 1406 1760 1476 colonorum
1788 1434 1878 1501 pars
1910 1414 2076 1484 cuthaeis
2108 1424 2331 1506 constiterit;

648 1553 745 1619 quam
764 1528 953 1595 sententiam
973 1527 1029 1593 alii
1052 1526 1174 1605 etiam,
1199 1528 1233 1591 in
1252 1524 1301 1591 his
1323 1525 1473 1605 Georrtts
1499 1526 1552 1611 (ad
1571 1530 1590 1591 2
1607 1527 1676 1617 Reg
1700 1528 1806 1597 XVII.
1820 1532 1899 1617 24),
1921 1546 1952 1599 et
1969 1532 2158 1603 Centaurus
2173 1538 2331 1627 (l.l.l.l.)

648 1648 784 1737 professi
805 1659 892 1713 sunt.
938 1645 977 1712 ld
1001 1657 1131 1727 tumen,
1157 1646 1231 1735 quia
1256 1642 1389 1735 probari
1412 1644 1526 1732 nequit
1538 1692 1548 1723 ,
1571 1665 1630 1709 nec
1653 1646 1824 1713 uerisimile
1847 1663 1915 1729 est,
1939 1654 2046 1741 potius
2066 1665 2248 1735 statuatur,
2272 1678 2333 1723 no·

648 1791 722 1834 men
742 1790 801 1832 usu
820 1779 987 1857 receptum
1010 1788 1097 1845 esse,
1123 1766 1275 1854 quoniam
1297 1762 1494 1829 Gulonorum
1517 1764 1726 1830 remotiorum
1747 1778 1892 1835 catervae
1917 1766 2062 1839 cuinam
2081 1774 2334 1862 confinxerint,

581 1943 586 1951 .
648 1900 745 1975 atque
765 1886 888 1973 agmine
908 1884 993 1949 facto
1005 1884 1087 1950 inde
1107 1881 1202 1949 simul
1212 1883 1377 1971 proiectae
1395 1883 1468 1949 sint.
1499 1883 1606 1949 llocce
1625 1895 1730 1950 autem
1748 1884 1977 1955 cuthaeorum
1997 1914 2215 1983 nomen,quo
2234 1896 2335 1983 igitur

648 2002 897 2071 Palaestinenses
921 2026 1029 2069 omues
1051 2026 1093 2067 ex
1120 2000 1261 2068 Oriente
1285 2001 1420 2066 advenas
1431 2004 1587 2091 prn'mum
1611 2005 1885 2094 nuncupaverint,
1902 2006 2028 2073 deinde
2049 2010 2164 2076 latiore
2181 2034 2274 2078 sensu
2295 2014 2333 2078 iis

647 2125 745 2189 etiam
763 2121 892 2190 Gelonis
909 2120 1065 2186 tributum
1086 2144 1153 2185 esse
1172 2120 1320 2198 ridetur,
1347 2123 1403 2211 qui
1422 2146 1458 2187 er
1480 2122 1559 2187 locis
1571 2122 1767 2190 Palaestinae
1772 2128 1989 2216 propinquis
2009 2144 2176 2199 venerant.
2212 2131 2241 2199 ti
2265 2132 2331 2196 ler-

650 2254 730 2307 tesse
747 2254 824 2306 tunc
846 2239 1059 2329 opinabantur
1082 2240 1144 2301 ios
1164 2238 1262 2303 etiam
1289 2237 1461 2307 Cntdceos
1481 2262 1570 2318 esse,
1597 2242 1683 2306 etin
1709 2241 1793 2309 banc
1812 2246 1999 2335 opinionem
2023 2246 2116 2314 laeile
2132 2247 2244 2314 induci
2267 2272 2334 2340 pu·

649 2361 789 2437 tuerint,
814 2359 983 2423 arctiorem
1008 2354 1209 2424 attendentes
1239 2356 1528 2435 necessitudinem,
1553 2379 1636 2446 quae
1657 2358 1874 2445 {samaritanis
1900 2385 1974 2429 curn
1998 2366 2078 2431 urbe
2109 2365 2234 2433 Guthue
2257 2366 2334 2435 olim

648 2477 891 2545 intercedebat:
915 2499 996 2565 quae
1020 2450 1447 2560 res,nullibilieet·diser'te
1470 2479 1908 2555 memorata,res·isimillima
1921 2493 1979 2547 est.
2028 2482 2232 2574 Numquam
2254 2484 2335 2551 alia-

646 2619 719 2663 rum
737 2598 888 2665 Gentium
905 2594 1058 2661 Coloniae
1078 2617 1253 2683 numquam
1265 2592 1392 2659 Patriae
1412 2596 1518 2659 statim
1543 2595 1664 2663 oblitae
1685 2610 1758 2663 sunt
1772 2646 1781 2675 ,
1795 2599 1840 2663 ita
1859 2598 1909 2663 illi
1927 2598 2071 2686 ejusdem
2094 2624 2156 2665 uon
2178 2622 2334 2669 memores

648 2739 799 2784 essenon
823 2728 984 2804 poterant.
1017 2713 1177 2779 Nimirum
1202 2726 1410 2779 contentum
1432 2714 1633 2780 venientibus
1654 2736 1690 2781 er
1707 2713 1788 2781 locis
1806 2715 2003 2783 Palaestinae
2024 2720 2254 2800 conterminis,
2279 2722 2334 2787 sed

648 2836 688 2901 iis
708 2837 826 2911 etium,
850 2833 923 2921 qui,
948 2843 985 2895 ut
997 2830 1188 2916 Babylonii,
1211 2852 1248 2892 cr
1270 2829 1548 2917 longinquioribus
1564 2832 1749 2917 regionibus
1772 2834 1899 2901 oriundi
1922 2849 2036 2915 eraut,
2062 2836 2251 2903 facillimum
2271 2840 2335 2905 luit

647 2925 846 3021 catervarum
870 2974 953 3041 ope,
973 2961 1186 3017 mercaturam
1206 2963 1365 3037 perpetuo
1390 2952 1576 3035 agentium,
1599 2950 1789 3015 commercia
1809 2972 1873 3014 non
1897 2951 2078 3042 interrupta
2102 2974 2175 3019 cum
2195 2958 2334 3044 populu·

648 3075 739 3140 ribus
756 3073 819 3137 suis
837 3070 969 3139 hebere.
1016 3067 1102 3135 Huic
1123 3068 1318 3133 commercio
1340 3071 1495 3154 primum
1520 3066 1648 3135 ferebat
1673 3067 1759 3133 idem
1783 3064 1918 3145 Cultus,
1944 3091 2040 3159 quem
2070 3069 2187 3138 (loloni
2217 3086 2250 3141 et
2272 3074 2333 3142 hae

567 3274 576 3282 ‚
648 3195 768 3264 Gentes
792 3191 1054 3283 profitebantur3
1080 3186 1205 3250 deinde
1224 3186 1364 3277 partium
1394 3189 1512 3267 etiarn,
1539 3210 1621 3276 quae
1643 3197 1754 3279 postea
1782 3186 1866 3253 inter
1890 3184 2104 3256 Seruaritenus
2127 3202 2217 3257 ortae
2240 3206 2333 3272 suut,

649 3336 795 3406 quaeque
813 3313 971 3380 Gentium
985 3308 1112 3375 Sacris
1129 3306 1287 3396 propitiae
1309 3321 1425 3385 erunt,
1447 3329 1559 3396 magna
1578 3308 1764 3374 auctoritas.
1802 3305 2000 3374 colonorum
2022 3331 2118 3397 porro
2135 3310 2334 3398 Babyloniu-

648 3458 720 3500 rum
738 3456 812 3499 cum
827 3431 941 3500 cutte
959 3428 1187 3493 commercium
1207 3439 1280 3515 post
1300 3426 1521 3514 Hierosolyma
1543 3451 1560 3494 u
1583 3427 1751 3498 Chaldaeis
1773 3437 1866 3517 capte
1885 3427 1998 3493 laetius
2020 3427 2153 3498 fortasse
2173 3430 2330 3514 florebat,

650 3575 747 3643 quam
770 3574 843 3616 curn
863 3549 1060 3633 Babylone,
1084 3557 1117 3611 et
1141 3566 1214 3609 curu
1236 3545 1275 3608 iis
1294 3542 1396 3622 locis,
1422 3541 1620 3609 ubiludaei
1637 3557 1728 3610 eraut
1744 3545 2032 3632 frequentiores,
2057 3549 2113 3636 qui
2135 3523 2169 3616 et
2185 3549 2269 3619 banc
2290 3553 2332 3619 ob

650 3685 776 3738 causam
798 3668 1012 3735 samaritanos
1035 3662 1206 3732 Culicem
1233 3661 1399 3728 nominare
1421 3660 1601 3751 potuerint.
1648 3659 1730 3730 Cum
1755 3659 1860 3728 curte
1878 3660 1998 3729 diutius
2021 3677 2109 3730 certo
2138 3687 2235 3756 quarn
2257 3691 2333 3738 cunr

650 3788 836 3877 Babylone,
860 3785 986 3851 durarit
1007 3779 1086 3847 illud
1112 3778 1354 3849 commercium.
1413 3777 1495 3844 Nam
1517 3777 1664 3846 Seleucii
1685 3801 1702 3844 a
1722 3777 1857 3846 Seleuco
1876 3779 2027 3848 Nicatore
2050 3784 2181 3851 conditi
2191 3836 2202 3868 ‚
2222 3788 2331 3876 splen·

651 3909 710 3976 dor
733 3904 907 3996 Babylonis
936 3900 1059 3969 indies
1085 3899 1184 3989 magis
1208 3897 1379 3964 obscurare
1401 3910 1534 3987 coeptus
1553 3909 1621 3976 ast,
1645 3919 1682 3963 rc
1711 3909 1797 3966 tanta
1815 3910 1924 3988 postea
1948 3900 2141 3970 detrimenta
2162 3906 2269 3995 cepit,
2296 3918 2332 3974 ut

650 4030 842 4122 Serranorum
860 4035 963 4091 aetate
984 4019 1080 4114 hujus
1098 4018 1188 4084 urbis
1209 4038 1274 4084 uou
1295 4017 1356 4082 nisi
1379 4017 1493 4082 rudere
1513 4030 1712 4108 superessent
1732 4018 1796 4108 (3).

694 4148 742 4214 lie
763 4146 852 4210 locis
880 4139 1097 4216 Palaestinae,
1132 4130 1190 4201 ubi
1218 4132 1332 4202 Coloni
1359 4131 1597 4216 habitarerint,
1632 4136 1716 4203 nihil
1739 4137 1808 4204 iere
1832 4134 1981 4204 traditur.
2029 4139 2166 4207 Tantum
2194 4140 2330 4230 legimur

652 4266 764 4352 areg.
787 4261 894 4329 xvtl.
913 4261 956 4324 24
967 4268 999 4324 et
1016 4257 1059 4322 26
1072 4256 1106 4322 in
1126 4253 1226 4320 urbes
1242 4275 1296 4320 eos
1314 4254 1482 4320 uanslutus
1498 4277 1577 4324 esse.
1613 4255 1716 4326 Urbes
1732 4267 1820 4323 certo
1840 4253 2065 4344 intelliguntur
2082 4259 2147 4323 sire
2165 4257 2328 4343 dirutae,

651 4385 718 4450 sire
739 4380 889 4453 incolis,
915 4376 970 4464 qui
993 4374 1111 4464 partim
1137 4371 1415 4451 abductionem,
1439 4374 1557 4463 purtim
1568 4373 1700 4465 fingam
1723 4374 1784 4464 ipsi
1811 4376 2006 4463 cepissent,
2030 4381 2217 4442 maximam
2239 4399 2330 4468 par.

652 4511 716 4567 tern
741 4504 919 4590 privatae.
967 4494 1009 4560 Et
1030 4489 1081 4558 bis
1102 4490 1313 4558 restaurandis
1327 4491 1494 4572 Victores,
1519 4504 1622 4561 terrac
1649 4493 1798 4560 subactae
1819 4492 2011 4582 Indigenas,
2035 4518 2117 4561 rure
2138 4501 2327 4586 praesertim

651 4620 820 4712 degentes,
840 4640 858 4682 a
879 4610 1058 4683 rebellione
1077 4609 1229 4678 cohibere
1249 4623 1411 4702 poteraut.
1446 4614 1623 4682 Bctlsclcm
1640 4634 1715 4703 erqo
1737 4632 1768 4684 r.
1782 4633 1831 4692 c.,
1858 4609 2081 4692 Samarium,
2106 4613 2192 4695 alio,
2212 4615 2327 4687 Coloni

647 4819 903 4846 μαι-..-

691 4941 735 5016 (1)
756 4940 841 4999 Ante.
858 4935 910 4996 lx.
932 4937 979 4999 ld.
999 4936 1027 5000 3.
1047 4945 1074 4998 st
1089 4937 1139 4998 Xl.
1159 4938 1188 4998 lt.
1211 4938 1238 4999 d.

690 5044 732 5120 (2)
752 5042 788 5102 In
808 5041 911 5100 Yttstt
926 5061 954 5118 p.
967 5039 1026 5112 34,
1041 5041 1090 5120 qui
1103 5041 1179 5102 locus
1197 5046 1280 5102 snut
1295 5039 1325 5100 iu
1345 5038 1482 5128 Carmen
1503 5039 1613 5104 Cotton.
1635 5064 1664 5122 p.
1680 5043 1715 5102 ll
1735 5063 1791 5126 seq.
1812 5048 1839 5103 ei
1859 5041 1990 5104 Exereil.
2008 5061 2034 5121 pt
2051 5044 2084 5104 ll
2105 5067 2159 5126 seq.

689 5144 731 5222 (3)
752 5143 842 5204 cone.
856 5141 908 5202 loci
929 5139 1029 5200 laudati
1052 5141 1226 5214 atriano,
1248 5139 1326 5201 Bill.
1348 5139 1610 5218 Rrulruo'rtrrbeclr,
1637 5141 1672 5202 2e
1692 5163 1765 5227 susq.
1784 5145 1814 5206 iu
1832 5162 1896 5205 rece
1914 5143 2020 5218 Babel,
2045 5165 2073 5236 p.
2088 5146 2152 5205 lib.
2193 5145 2236 5205 De
2256 5149 2323 5210 urbe

646 5246 782 5308 Seleuciae
795 5244 852 5311 rid.
872 5244 1037 5316 mosam,
1058 5262 1129 5304 rare.
1145 5261 1254 5304 rernac.
1268 5241 1300 5317 l,
1319 5263 1348 5324 p.
1358 5241 1419 5304 86³
1434 5263 1507 5325 seqq.
