5467 6500
1105 850 1409 942 ...ff-e-

425 1030 800 1152 inierioresopinautas,
825 1037 1069 1149 Peregrinarum
1090 1037 1260 1149 imperium
1279 1055 1339 1144 ipsi
1361 1077 1454 1145 aegre
1473 1045 1641 1136 luebant,
1664 1077 1701 1124 ac
1724 1058 1918 1124 samaritanis
1935 1047 2098 1128 Persarum

424 1177 659 1272 Magistratibus
681 1177 834 1246 continuo
853 1201 886 1244 ve
908 1176 1124 1267 opponebalrti
1155 1170 1353 1240 ‘Pleiandum
1375 1173 1414 1239 ila
1441 1173 1611 1241 videbatur
1630 1190 1704 1241 cunr
1727 1176 1900 1244 immundis
1920 1177 1988 1244 istis
2007 1199 2102 1246 omne

420 1298 638 1376 consortium,
658 1316 695 1362 ac
716 1294 886 1362 Civitatem
909 1313 1072 1371 securam,
1095 1303 1130 1358 et
1151 1302 1250 1356 semet
1269 1290 1355 1380 ipsos
1374 1291 1493 1358 luroris
1512 1291 1613 1358 divini
1634 1302 1739 1360 certos
1759 1317 1826 1361 esse
1855 1295 2053 1375 credebaut,
2075 1297 2101 1360 si

419 1411 516 1481 modo
539 1416 634 1481 liitus
656 1414 759 1490 sacri,
780 1434 818 1478 ac
838 1414 934 1504 Legis
951 1415 1124 1500 Praecepta
1143 1408 1389 1498 diligentissime
1413 1408 1670 1479 observarentur.
1716 1411 1770 1478 Sic
1783 1413 1950 1500 plerique
1964 1413 2099 1499 judica-

418 1533 522 1599 rerint
551 1531 691 1600 Ministri
713 1531 814 1610 sacri,
849 1523 1015 1619 praecipui
1047 1515 1189 1618 partium
1214 1515 1430 1593 'samaritanis
1458 1528 1659 1594 inimicarum
1685 1528 1826 1599 Patroni.
1873 1531 1931 1596 llis
1952 1531 2098 1620 partibus

417 1649 513 1716 multi
543 1649 611 1719 alne
635 1649 735 1716 dubio
760 1649 977 1716 adhaesemnt
1003 1647 1074 1714 Viri
1102 1644 1218 1736 probi,
1251 1645 1414 1723 Patriam,
1447 1645 1605 1726 Gentem,
1636 1647 1838 1736 Religionem
1868 1650 1985 1716 avitam
2028 1669 2102 1716 rere

417 1780 569 1836 amantes.
615 1769 674 1836 liis
699 1788 775 1833 vero
801 1764 1001 1854 displicuerit
1029 1763 1121 1829 iuror
1148 1762 1328 1842 fanaticus,
1362 1784 1428 1852 qno
1449 1763 1596 1829 nonnulli
1624 1763 1657 1830 in
1679 1765 1761 1831 alios
1781 1767 1986 1846 saeviebant,
2012 1767 2102 1856 iique
2141 1761 2145 1766 ’

419 1896 508 1951 certo
531 1907 636 1954 rueres
653 1885 863 1956 Sacerdotem
881 1895 1052 1972 corruptos
1070 1879 1317 1969 improbarunt,
1342 1899 1422 1967 quos
1441 1879 1620 1960 Maisolia,
1644 1882 1822 1971 Nebemjae
1841 1885 1910 1951 iere
1933 1886 2099 1976 aequalis,

417 2002 536 2070 acriter
554 2005 764 2094 perstrinxit,
789 2004 943 2070 avaritam
964 1998 1099 2091 notanti,
1124 1999 1188 2087 quia
1214 1996 1269 2064 isti
1294 1991 1426 2064 cultum
1452 1997 1535 2078 liei,
1560 2020 1597 2064 ao
1620 2019 1712 2066 snum
1733 2001 1794 2090 ipsi
1815 2001 1932 2070 lduuns
1952 2003 1984 2069 in
2014 2023 2100 2070 con-⁵

417 2129 554 2187 terntum
575 2120 772 2188 adduxerant
792 2122 857 2208 (1).
1138 2109 1142 2115 ’
1256 2195 1261 2202 ‚

459 2241 499 2308 ln
515 2239 578 2308 lroc
602 2262 712 2307 rerum
733 2249 818 2306 statu
839 2238 918 2329 quid
939 2237 1214 2308 Samaritanorum
1233 2238 1393 2305 Primores
1420 2237 1579 2316 fecerint,
1612 2239 1706 2306 facile
1736 2240 1874 2330 quisque
1903 2243 2096 2334 assequitur.

415 2357 488 2436 llis,
507 2380 605 2447 penes
623 2380 705 2448 qnos
725 2357 786 2425 sub
798 2357 901 2424 Persis
922 2359 1022 2425 totius
1038 2357 1235 2438 Palaestinae
1256 2357 1457 2446 principatus
1475 2355 1605 2446 quidam
1620 2357 1744 2438 luerit,
1769 2361 1872 2425 omnia
1895 2370 2028 2426 conatus
2045 2381 2099 2426 su·

411 2483 540 2563 spectus
562 2486 651 2556 erat,
676 2497 742 2566 qno
766 2475 906 2566 aliquam
926 2476 1027 2566 ipsius
1045 2488 1171 2568 partem
1189 2474 1310 2542 Judaei
1331 2474 1493 2540 vindicare
1514 2475 1576 2540 sibi
1594 2473 1773 2544 studerent.
1805 2476 1920 2566 Itaque
1943 2477 2077 2545 ludaeis
2088 2525 2101 2557 ,

412 2591 539 2682 Templi
557 2595 729 2662 renovandi
749 2595 879 2660 naniam
893 2598 1019 2674 nactis,
1043 2594 1127 2661 banc
1143 2595 1307 2661 fortunam
1329 2615 1394 2659 nou
1414 2591 1624 2672 iuiidebant,
1659 2593 1789 2659 siillud
1804 2593 1902 2660 modo
1924 2617 1986 2660 una
2019 2615 2097 2662 cunr

409 2711 488 2800 ipsis
505 2711 737 2789 aedificarent,
758 2732 795 2776 ac
809 2711 925 2778 deinde
944 2711 1305 2779 commuuebabereut.
1354 2709 1449 2796 Quod
1471 2731 1571 2799 quum
1581 2707 1719 2789 ludaei,
1743 2709 1842 2800 plano
1861 2713 1929 2800 ojus
1953 2711 2099 2779 dominio

410 2849 444 2896 se
462 2831 583 2920 privari
609 2849 704 2918 aegre
731 2831 888 2910 ferentes,
923 2843 1143 2909 recusassent,
1169 2830 1219 2895 illl
1239 2825 1353 2918 quovis
1373 2825 1470 2893 modo
1498 2825 1653 2916 impedire
1677 2830 1895 2909 conabantur,
1927 2831 2099 2920 quominus

411 2946 514 3015 dedas
537 2968 624 3014 sacra
640 2947 858 3040 absolveretur
878 2949 942 3033 (2).
966 2949 1010 3014 lis
1028 2961 1136 3015 autem
1148 2948 1434 3016 'Samaritanorum
1455 2946 1679 3014 conaminibus
1698 2949 1767 3037 ipsa
1779 2962 1937 3038 tempora,
1956 2964 1989 3017 et
2010 2951 2101 3018 loca-

409 3067 482 3132 r'um
499 3068 722 3155 opportunitas
736 3065 875 3132 mirifice
893 3065 1056 3132 favebant.
1092 3067 1197 3133 (iruna
1215 3067 1284 3134 iere
1304 3065 1449 3153 lignum,
1475 3085 1541 3151 quo
1557 3065 1590 3129 in
1612 3063 1747 3155 Templo
1763 3043 1965 3134 aedilicaudo
1978 3069 2098 3136 ludaei

409 3196 601 3263 uterentur,
634 3205 694 3275 per
717 3182 938 3252 samaritidem
963 3181 1232 3253 transvebendum
1262 3194 1345 3250 erat.
1393 3179 1487 3269 Quod
1508 3180 1682 3264 cohibere,
1710 3182 1913 3253 difficilium
1941 3185 2096 3271 reddere,

410 3308 507 3393 quim
527 3300 624 3369 lacile
642 3317 711 3369 erat
730 3302 960 3369 Samaritanisl
1005 3304 1173 3371 Praeterea
1199 3304 1235 3371 hi
1255 3304 1289 3369 iu
1310 3320 1384 3369 auos
1410 3322 1487 3367 usus
1508 3315 1735 3370 converterunt
1759 3304 1829 3369 sine
1848 3302 1947 3370 dubio
1967 3308 2094 3375 Judae-

408 3438 502 3488 orum
531 3419 630 3486 animi
657 3417 900 3499 lassitudinem,
933 3412 1031 3510 quam
1063 3444 1153 3489 mora
1188 3420 1343 3489 diuturna
1379 3432 1555 3488 creaverat.
1603 3416 1700 3488 blulti
1731 3442 1847 3510 nempe
1873 3422 1992 3489 Judaei
2025 3426 2095 3513 jam

407 3538 485 3605 satis
499 3535 679 3617 habebant,
708 3538 733 3603 si
750 3537 857 3603 locum
877 3550 1000 3604 sacrum
1021 3540 1296 3631 qualemcunque,
1318 3538 1436 3628 inquo
1456 3535 1571 3605 Gultus
1591 3536 1662 3633 fieri
1681 3550 1809 3628 posset,
1833 3538 1895 3607 sibi
1912 3558 2089 3630 parassent.

405 3656 474 3726 atti
492 3656 595 3747 probe
614 3654 865 3746 perspicientes,
889 3670 1007 3723 nevum
1027 3659 1199 3749 Templum
1226 3658 1361 3747 antiquo
1381 3654 1486 3721 multo
1507 3656 1577 3722 iore
1597 3656 1749 3735 inferius,
1774 3658 1815 3724 de
1833 3658 1969 3749 Templo
1993 3664 2093 3732 etiam

407 3775 493 3866 quod
515 3775 621 3843 Sacris
640 3787 745 3841 tomen
776 3784 894 3865 aptum
918 3790 1023 3854 esset,
1047 3776 1241 3846 exstruendo
1259 3796 1390 3867 prorsus
1413 3773 1625 3863 desperabant
1649 3776 1712 3862 (3).
1761 3776 1943 3870 Magnetes,
1968 3791 2093 3872 tempus

405 3897 484 3974 huic
497 3895 543 3961 rei
560 3892 713 3959 idoneum
734 3893 876 3960 nondum
896 3894 1003 3961 adame
1026 3896 1236 3973 simulantes,
1261 3894 1336 3960 'suis
1361 3894 1424 3982 ipsi
1445 3892 1619 3956 commodis
1640 3894 1823 3972 consulere,
1848 3910 1945 3984 atque
1967 3914 2092 3965 ornatas

406 4007 522 4081 domus
544 3997 712 4079 aedificare
734 4011 796 4077 sibi
811 4009 975 4078 malebant
999 4013 1064 4101 (i).
1111 4013 1160 4081 aa
1179 4033 1288 4079 resera
1308 4010 1350 4076 ad
1371 4028 1450 4100 opus
1474 4007 1556 4075 bene
1574 4006 1808 4096 perficiendum
1833 4032 1910 4100 opes
1935 4014 2090 4101 require·

405 4134 522 4199 bantur
532 4135 728 4211 immensae,
751 4131 888 4220 majores
905 4132 1184 4221 promagni,quri
1203 4141 1282 4197 tnnc
1294 4126 1422 4197 Judaea
1439 4125 1665 4217 premebatur,
1689 4140 1878 4218 paupertate
1903 4128 1967 4217 (5).
2001 4128 2090 4215 Quae

405 4272 513 4319 rerum
533 4252 679 4342 augustia
706 4250 752 4318 ita
785 4248 962 4338 augebatur
994 4249 1120 4316 funesti
1154 4250 1283 4339 pluviae
1303 4249 1413 4339 inopii
1448 4246 1518 4335 (6),
1556 4257 1592 4311 ut
1622 4246 1690 4334 agri
1718 4268 1776 4335 per
1803 4246 1935 4338 longum
1965 4258 2091 4340 tompus

404 4370 519 4437 inculti
534 4372 703 4458 jacerent,
727 4380 783 4435 aut
812 4370 921 4435 messis
943 4380 1025 4436 esset
1044 4369 1156 4459 exigua
1177 4371 1254 4454 (7),
1277 4389 1375 4459 quam
1394 4365 1501 4433 hostes
1522 4364 1653 4451 insuper
1671 4373 1765 4455 saepe
1782 4365 1972 4455 perdebant.

452 4482 661 4566 Samaritani,
673 4484 724 4552 bis
735 4486 869 4575 alr'isque
880 4486 1025 4555 locorum
1044 4499 1293 4577 temporumque
1311 4481 1607 4575 opportunitatibus
1619 4492 1723 4549 astute
1743 4481 1923 4577 callideque
1941 4500 2089 4569 utentes,

405 4578 578 4695 probibere
611 4617 717 4673 tamen
744 4626 808 4669 non
828 4610 1022 4693 potuerunt,
1053 4605 1224 4696 quominus
1249 4604 1419 4694 Templum
1451 4614 1524 4691 post
1546 4603 1586 4667 at
1611 4623 1709 4666 annos
1737 4600 1970 4674 absolveretur.
2018 4608 2089 4693 Quo

407 4721 537 4789 tandem
569 4722 725 4804 condito,
754 4720 1002 4811 Hierosolyma,
1034 4723 1236 4816 aemulorum
1251 4723 1374 4803 ‘aedas,
1406 4718 1566 4809 deinceps
1590 4716 1723 4789 dilatata
1745 4724 1870 4829 maqis,
1899 4737 2087 4807 sternata,

407 4914 644 4935 m

447 5020 1117 5104 (rrnnreuqqrremuuem
1411 5020 1742 5105 (sintarvneqq.
1832 5002 1839 5011 '

447 5118 719 5204 (simma.
789 5123 793 5131 ’
847 5123 852 5133 ’
932 5121 1282 5206 (arumna-e·
1343 5132 1347 5136 ’
1413 5120 1673 5203 rerumne

447 5222 492 5304 re>
512 5222 598 5307 new.
617 5221 641 5285 r.
659 5221 713 5297 ro,
733 5220 780 5281 rr.
813 5286 819 5295 ,
934 5222 978 5299 t⁷t
995 5223 1142 5306 amru
1161 5223 1207 5284 rr.
1266 5276 1273 5281 .
