5467 6500
1025 1748 1505 1785 W

480 2040 544 2109 llas
566 2036 774 2105 ermaritanae
795 2054 813 2099 a
836 2032 944 2099 seculo
965 2030 1059 2099 xvlt
1094 2031 1226 2099 ineunte
1257 2030 1298 2095 ab
1327 2032 1501 2119 Europaeis
1533 2030 1692 2121 explorari
1715 2042 1847 2120 coeptae
1878 2043 1974 2109 sunt,
2008 2030 2049 2096 ab
2071 2053 2109 2096 eo

434 2142 515 2225 inde
531 2170 675 2244 tempore
701 2152 881 2228 nimirum,
904 2170 969 2237 quo
997 2146 1141 2236 exempla
1166 2146 1376 2212 Pentateuchi
1399 2146 1740 2215 hebraeo-eameritaui
1770 2146 1875 2215 delata
1898 2158 1972 2213 eunt
1995 2147 2026 2211 in
2055 2168 2111 2213 oc·

432 2275 606 2341 cidentem.
633 2267 733 2336 Paulo
752 2279 827 2332 ante
845 2265 1062 2353 Epistolarum
1083 2263 1312 2329 commercium
1329 2263 1501 2331 sosarnus
1520 2265 1648 2331 luscus
1660 2262 1832 2331 Sctmuun
1852 2282 1926 2329 cum
1949 2263 1986 2327 ei
2006 2262 2109 2329 Gents

433 2390 635 2464 instituerat,
660 2381 747 2471 quod
767 2378 958 2447 nonnullis
978 2380 1061 2445 Viris
1078 2378 1213 2447 eruditis
1229 2378 1380 2469 deinceps
1400 2380 1439 2445 ud
1462 2382 1706 2458 unnum1820,
1730 2400 1845 2467 magno
1860 2390 1967 2445 temen
1985 2391 2111 2467 tempo·
2179 2390 2181 2395 '

434 2506 478 2570 ris
497 2500 666 2568 intervallo
693 2496 830 2565 subinde
857 2495 1094 2576 intercedente,
1119 2496 1343 2564 continuatum
1363 2508 1423 2566 est.
1483 2498 1552 2565 llas
1579 2496 1742 2587 Epistulae
1771 2497 1913 2587 primum
1941 2494 2111 2583 separatim

433 2620 518 2708 typis
536 2638 725 2706 expressae,
756 2640 775 2681 a
796 2614 965 2682 nnSacro
986 2635 1179 2681 omnesaue
1203 2614 1367 2680 volumine
1387 2636 1471 2681 auno
1486 2617 1569 2681 1831
1592 2612 1695 2681 editae
1715 2625 1808 2690 sunt,
1842 2612 1956 2677 additis
1980 2610 2112 2697 Episto-

433 2737 493 2810 lis‚
517 2732 688 2799 recentiori
706 2744 809 2796 aetate
822 2729 1012 2816 conscriptis
1025 2730 1089 2815 (t).
1123 2728 1248 2814 Quibus
1263 2748 1363 2815 quum
1376 2728 1519 2817 Epistola
1530 2729 1677 2808 de'e'sset,
1702 2749 1775 2793 casu
1795 2726 1931 2816 quodam
1950 2728 1982 2791 in
2005 2725 2112 2789 Patris

434 2851 542 2914 nostri
562 2858 713 2935 reperta,
738 2865 799 2910 nec
817 2854 891 2909 unte
914 2840 1025 2921 edita,
1050 2843 1091 2907 ab
1111 2843 1306 2910 lliusmo
1323 2864 1408 2909 anno
1433 2846 1518 2911 1834
1538 2843 1618 2911 baec
1636 2843 1764 2934 publici
1779 2845 1863 2933 juris
1883 2842 1966 2909 lacta
1986 2854 2032 2907 est
2046 2842 2111 2925 (2).

478 2964 630 3053 Scripta,
655 2984 739 3050 quae
766 2972 837 3049 post
864 2959 1048 3024 institutum
1070 2958 1154 3024 illud
1176 2959 1390 3048 Epistularum
1414 2962 1644 3027 commercium
1667 2958 1708 3027 de
1726 2959 1932 3031 Samaritanis
1957 2978 2114 3049 exposue-

434 3094 532 3159 runt,
557 3080 631 3168 quia
663 3079 696 3142 in
716 3075 925 3165 sequentibus
944 3079 972 3143 si
999 3100 1065 3143 non
1085 3076 1216 3154 omnia,
1240 3077 1415 3165 praecipua
1437 3077 1547 3145 saltem
1573 3080 1690 3166 passim
1708 3090 1903 3157 occurrunt,
1925 3074 1980 3141 hic
2003 3075 2113 3141 bresi-

435 3201 510 3266 tatis
533 3199 627 3264 causi
657 3217 722 3263 uon
742 3214 977 3262 enumeramus.
1036 3194 1124 3261 llaec
1143 3203 1250 3259 eutem
1277 3191 1400 3283 pariter
1427 3203 1523 3282 atque
1549 3192 1713 3284 llpistolee
1739 3196 1907 3262 maximam
1933 3194 2112 3284 partemin

436 3315 665 3407 chmctibus
687 3335 724 3380 ac
745 3311 874 3378 Sacris
894 3313 964 3398 ejus
988 3311 1101 3378 Gentis
1123 3308 1321 3375 illustrandis
1343 3311 1576 3388 retrahantur,
1599 3312 1663 3399 qui
1683 3314 1845 3380 occasione
1863 3312 1903 3379 de
1924 3315 2112 3376 recentiori

435 3451 532 3521 atque
555 3431 726 3496 hodierni
744 3425 887 3510 ejusdem
908 3425 1105 3488 conditione
1125 3425 1219 3511 vulgo
1240 3423 1467 3491 disserebatur.
1513 3425 1554 3490 lu
1585 3425 1789 3492 Historiam
1813 3449 1890 3492 reru
1920 3431 2112 3492 samarita.

434 3572 514 3614 nam
536 3546 630 3635 pauci
651 3555 775 3606 tantum
799 3537 1048 3626 inquisiverunt.

482 3663 767 3730 caarsroosoaus
789 3655 980 3723 cruciarus
1007 3652 1130 3741 primus
1150 3649 1408 3724 occidentalium
1438 3653 1477 3722 de
1499 3653 1561 3722 hac
1580 3655 1723 3724 Historiis
1743 3657 1807 3747 epit
1829 3657 1891 3744 (3).
1939 3657 2111 3750 Plerosqu0
2154 3707 2157 3712 .

436 3783 588 3848 Veterum
611 3779 716 3854 locos,
742 3771 799 3838 nbi
817 3769 857 3838 de
875 3770 1083 3840 samaritanis
1106 3790 1208 3836 sermo
1225 3771 1262 3837 lit
1273 3821 1283 3855 ,
1302 3771 1449 3863 collegit.
1498 3773 1546 3841 lle
1566 3773 1604 3840 iis
1630 3787 1790 3842 rera'nun
1809 3774 1920 3842 critice
1940 3779 2085 3866 exposuit
2095 3817 2114 3857 ,-

475 4049 519 4126 (1)
539 4047 687 4108 urSucrns
705 4067 777 4108 anno
789 4045 867 4109 1812
883 4044 1049 4107 inAasralee
1064 4046 1112 4106 des
1124 4044 1291 4127 Voyapeset
1307 4047 1341 4107 de
1358 4047 1589 4129 laGe'ograpdie.
1611 4047 1690 4109 Tam.
1701 4045 1774 4119 L11.
1796 4045 1890 4111 ediditt
1912 4048 2110 4110 Mimoireeur

432 4150 512 4209 estat
528 4148 619 4210 acted
640 4151 689 4209 des
715 4150 921 4214 Samarituiarr
940 4167 1014 4207 anna
1032 4167 1099 4206 reru
1117 4145 1192 4208 1881
1216 4148 1245 4208 in
1266 4149 1382 4208 liuticos
1411 4159 1437 4207 et
1458 4151 1593 4210 noenta
1610 4150 1657 4209 des
1674 4147 1774 4209 MSS.
1794 4149 1827 4206 de
1844 4148 1870 4206 la
1888 4149 1969 4209 Bibl.
1994 4151 2033 4207 da
2050 4153 2112 4208 Boi

433 4261 461 4308 et
478 4247 840 4331 contrementesque,
861 4249 938 4308 Tum.
958 4245 1033 4306 XII:
1059 4247 1299 4327 correspondens
1311 4249 1359 4308 des
1379 4249 1568 4308 Samarituirss
1585 4249 1618 4310 ds
1639 4247 1799 4328 Iisplouee,
1813 4249 1937 4326 pendam
1955 4249 1995 4308 les
2012 4251 2112 4308 sanies

421 4357 516 4410 ‘5808
538 4361 566 4409 et
582 4353 672 4422 ereio..
692 4351 742 4411 nbi
758 4359 850 4412 tamen
865 4369 955 4408 omres
974 4346 1123 4427 Epistulae
1140 4347 1204 4406 olim
1220 4349 1311 4407 editae
1331 4349 1458 4425 repetitae
1474 4355 1501 4408 et
1518 4348 1612 4426 gallice
1628 4368 1720 4408 versae
1736 4353 1810 4410 enni.

473 4449 517 4526 (2)
539 4449 766 4530 Amerkingers
781 4470 845 4510 coer
859 4449 893 4509 de
915 4449 1125 4518 Samaritam,
1146 4467 1181 4506 err
1196 4449 1288 4507 darae
1305 4445 1537 4528 Briossrieseliag
1558 4457 1611 4507 net
1631 4450 1724 4528 corrige
1740 4447 1920 4526 Europescle
1941 4448 2108 4508 Geleerdene

436 4558 479 4606 tar
495 4548 676 4628 gelegeaieid
693 4569 845 4610 uouemere
861 4569 915 4629 rog
931 4546 1101 4609 cebekerdes
1122 4545 1384 4610 Samaritaamtea
1400 4545 1504 4620 Briese
1525 4549 1555 4608 in
1574 4549 1704 4628 Archias
1715 4568 1781 4608 ocor
1795 4545 1960 4628 Kerkellee
1980 4551 2113 4615 Geeclie·
2162 4537 2165 4544 ¹

434 4649 532 4722 deris,
552 4648 628 4708 Tam.
644 4649 679 4711 V.

396 4723 403 4735 ,
476 4747 520 4821 (8)
543 4747 712 4809 caueam
733 4750 868 4810 historiae
890 4750 1103 4821 Samaritanae,
1131 4747 1232 4829 quibas
1249 4757 1365 4828 praeter
1390 4769 1436 4807 res
1458 4747 1681 4829 Geogmplicnr,
1708 4757 1761 4808 tura
1774 4745 1879 4828 politio
1898 4750 1985 4826 bajas
2000 4754 2110 4830 gentis,

435 4864 518 4924 qam
531 4846 630 4927 siligio
647 4860 674 4907 et
689 4869 736 4910 res
755 4851 899 4910 litteraria
915 4847 1105 4929 ecplicartsn
1126 4846 1207 4908 (lirae
1223 4847 1311 4910 1888.
1330 4847 1374 4909 4⁰.
1416 4848 1491 4924 Quae
1510 4869 1598 4930 quum
1623 4849 1672 4928 ipsi
1692 4869 1747 4910 nun
1775 4869 1936 4930 magnopere
1955 4851 2111 4931 placerent,

427 4944 617 5020 festinantiae
624 4949 725 5029 quippe
740 4953 784 5027 (ut
799 4952 897 5012 latetur
907 4949 1001 5030 ipsein
1014 4947 1201 5027 ouantem,
1221 4953 1275 5031 qni
1288 4955 1444 5031 sequentem
1454 4949 1556 5011 librum
1563 4949 1638 5010 Jcbo
1648 4948 1769 5029 ludolfo
1779 4949 1887 5027 dicerit)
1896 4951 2019 5023 collecta,
2039 4973 2111 5012 anno

438 5041 517 5104 170⁷
534 5041 617 5102 edidit
642 5047 898 5124 Exercitationem,
917 5051 1011 5130 gestis
1032 5040 1230 5110 Samaritanae
1247 5053 1393 5110 dictoriam
1410 5061 1437 5110 at
1459 5054 1661 5122 caeremoniae,
1675 5059 1743 5129 post
1764 5053 1883 5129 es'sedm
1905 5055 2028 5112 auctoris
2045 5051 2110 5112 Col·

435 5146 553 5207 lectanea
571 5143 698 5209 bbtoriee
714 5145 912 5229 smmaaa,
932 5153 1022 5232 magis
1042 5149 1236 5213 illustrantem·
1278 5153 1383 5214 Titulus
1407 5151 1486 5232 plura
1508 5151 1661 5232 promittit,
1675 5170 1759 5232 quam
1776 5152 1881 5214 ilbodus
1896 5154 1950 5232 ipss
1962 5158 2089 5230 praestat.

1798 5251 1812 5309 1
