5467 6500
1100 815 1408 910 ...ng-3

419 1003 570 1070 mitianus
589 1001 630 1068 sd
646 1002 762 1080 ddum,
784 999 888 1070 Nersa
906 1001 946 1069 ad
963 1002 1079 1078 mon,
1105 999 1257 1090 Troianus
1277 1001 1317 1067 ad
1338 1005 1448 1068 tttum
1462 1015 1649 1091 regnarunt.⁴

462 1119 598 1204 Trojano
626 1131 778 1207 regname
808 1117 982 1186 aJudaois
1014 1117 1133 1184 bellum
1161 1105 1277 1201 iterum
1301 1131 1495 1184 commotum
1526 1131 1573 1186 est
1609 1120 1846 1206 saevissimum,
1888 1125 1940 1192 eui
1975 1128 2071 1195 etiem
2196 1116 2200 1125 ¹

417 1233 606 1302 Samaritani
631 1257 665 1300 se
691 1235 896 1302 immiscuisse
928 1233 1086 1309 videntur.
1143 1232 1215 1298 llon
1257 1233 1341 1298 euim
1378 1232 1495 1298 bellum
1521 1232 1688 1322 judaicum
1723 1241 1782 1306 sub
1826 1240 1961 1327 Trojano
1999 1246 2073 1331 quia

419 1347 608 1416 Samaritani
642 1350 674 1413 in
704 1347 869 1416 Obsonieis
899 1349 1027 1416 silentio
1056 1359 1239 1426 transeunt,
1261 1362 1295 1414 et
1314 1336 1435 1416 bobum
1466 1363 1596 1428 eontra,
1621 1353 1681 1416 sed
1708 1353 1898 1421 uadem
1925 1371 2074 1444 gestum,

416 1467 526 1536 multis
561 1440 729 1544 eminant,
759 1465 831 1533 ideo
867 1479 985 1532 umen.
1002 1485 1117 1552 negare
1145 1487 1209 1529 non
1236 1464 1334 1542 lieet,
1365 1465 1398 1529 in
1425 1469 1548 1552 priore
1569 1462 1654 1532 bello
1684 1489 1753 1535 suns
1785 1471 1871 1554 item¹
1895 1470 2071 1538 Samarita-

417 1601 475 1646 noa
500 1593 613 1674 partos⁴
635 1583 745 1670 egisse.
789 1583 949 1648 Nimirum
969 1581 1038 1647 lieri
1064 1593 1188 1668 potest,
1223 1593 1259 1646 ut
1285 1578 1363 1646 haee
1393 1580 1501 1660 bella,
1528 1603 1599 1646 mox
1631 1605 1696 1650 non
1723 1585 1796 1651 satis
1830 1586 2003 1664 distincta,
2035 1591 2070 1654 iu

420 1697 643 1763 traditionibus
665 1697 879 1786 pervulgatis,
904 1718 988 1786 quas.
1008 1695 1238 1764 chronieorum
1262 1701 1436 1773 ductores,
1469 1718 1619 1764 eorumve
1645 1699 1748 1765 lontes
1768 1703 1965 1790 potissimum
1994 1724 2073 1769 eon-

416 1811 584 1889 sulebant,
615 1814 647 1878 in
674 1834 776 1877 muns
806 1823 913 1900 postea
945 1811 1140 1885 coaluerint,
1182 1813 1343 1880 Lubentes
1373 1815 1529 1892 latemus,
1560 1815 1598 1878 iis
1630 1816 1724 1882 etiam
1755 1816 1788 1882 in
1818 1817 1918 1898 loeis,
1947 1821 2004 1884 ubi
2030 1821 2072 1888 de

412 1925 499 1993 bello
528 1927 588 1993 sub
615 1927 751 2014 Trajuno
770 1942 930 1994 commoto
950 1949 1054 1995 mrmo
1073 1926 1134 2004 dt,
1163 1927 1282 1994 nullum
1304 1929 1347 1992 de
1369 1909 1610 1994 Samaritouis
1631 1932 1823 1997 mentionem
1845 1934 1960 2000 lnetnm
1982 1956 2061 2014 ssse;

418 2043 471 2106 sod
500 2041 534 2108 ti
560 2043 625 2108 loei
644 2065 740 2132 qnam
768 2045 885 2132 pauni,
908 2044 996 2131 iique
1027 2065 1121 2131 qnam
1153 2043 1264 2109 breves
1291 2056 1366 2109 sunt
1398 2044 1430 2108 in
1456 2043 1550 2108 rebus
1582 2046 1674 2130 gestis
1704 2047 1911 2114 enarrandis!
1958 2049 2069 2116 Samn-

414 2158 509 2222 titani
546 2155 709 2246 praeteris
735 2161 885 2226 Romanis
923 2159 1062 2248 quidem·
1088 2157 1204 2225 auxilia
1235 2159 1461 2246 praestiterunt
1491 2160 1524 2224 in
1555 2159 1684 2227 ludaeis
1716 2162 1899 2252 Vespasiani
1941 2179 1974 2230 et
2000 2139 2071 2232 Titi

415 2285 516 2342 aetate
545 2267 740 2362 subigendis,
776 2288 852 2340 tuno
879 2297 952 2341 aero
977 2276 1073 2342 etiam
1111 2275 1265 2350 tumultus
1297 2277 1381 2341 iuter
1416 2274 1629 2343 samaritanos
1650 2282 1719 2365 jam
1744 2292 1831 2346 ortus
1857 2296 1948 2358 eret,
1982 2285 2063 2370 qui,

414 2390 512 2454 aisis
536 2388 659 2456 Cereali
676 2391 783 2456 subito
803 2391 929 2457 sedatus
948 2391 1074 2467 luisset,
1103 2412 1176 2458 eum
1198 2390 1329 2460 fortasse
1350 2377 1502 2463 euentum,
1518 2375 1697 2474 habuisset,
1720 2409 1763 2462 ut.
1785 2385 1973 2464 Samaritani
1992 2401 2079 2486 qui·'

413 2525 497 2592 que,
520 2504 625 2574 Sacris
651 2508 797 2572 mosaicis
817 2505 956 2584 addicti,
981 2518 1014 2573 et
1031 2506 1105 2570 odio
1126 2507 1159 2572 iu
1180 2507 1337 2577 Romanos
1355 2507 1521 2594 flagrantes
1534 2554 1546 2601 ,
1566 2528 1638 2572 eum
1654 2507 1784 2575 iudaeis
1802 2533 1868 2576 sese
1885 2515 2066 2599 conjunxis·
2146 2555 2148 2560 .

411 2632 482 2685 sent
510 2619 551 2683 ad
580 2642 779 2685 communem
819 2617 941 2684 bostem
969 2618 1206 2685 debellandum.
1278 2621 1436 2686 ldirumne
1470 2622 1591 2708 igitur,
1611 2620 1659 2684 ·si
1683 2619 1878 2688 Judseorum
1914 2625 2069 2714 belotae,
2097 2607 2100 2624 ⁶

413 2733 641 2811 aemulatione,
670 2737 733 2823 qui
755 2734 852 2798 altera
875 2733 958 2801 Gens
984 2734 1112 2800 alteram
1140 2732 1216 2828 elias
1234 2735 1502 2821 prosequebatur,
1532 2735 1731 2823 postpositi,
1754 2751 1886 2825 urgente
1915 2761 2064 2827 praesen·

412 2847 453 2913 tis
487 2849 637 2936 temporis
668 2850 875 2925 necessitate,
907 2851 939 2914 dt
967 2859 1044 2914 tune
1064 2850 1099 2914 et
1128 2846 1244 2914 deindo
1275 2848 1488 2914 Samaritanus
1521 2847 1646 2913 blandis
1676 2846 1806 2916 sortasse
1836 2856 1996 2938 promissis
2024 2857 2063 2920 ed
2195 2841 2198 2848 ⁴

412 2975 517 3051 ppates
547 2985 617 3028 suas
650 2963 813 3030 traducere
839 2962 1066 3030 studuesintl,
1092 2961 1184 3044 Quod
1215 2985 1311 3050 quum
1332 2962 1467 3027 feliciter
1496 2960 1572 3048 ipsis
1592 2975 1701 3048 postea
1731 2957 1878 3040 cesserit,
1902 2973 2065 3056 sequentia

312 3101 319 3116 ·
412 3093 552 3164 tempora
576 3079 714 3155 docent,
741 3077 795 3142 ubi
815 3091 985 3160 utrumque
1000 3076 1138 3140 Gentem
1158 3074 1328 3162 aliquoties
1358 3074 1537 3160 conjunctis
1564 3073 1681 3140 viribus
1711 3075 1860 3143 Romanis
1883 3099 1929 3162 se
1955 3101 2061 3167 oppo-

412 3204 540 3257 nentem
560 3189 714 3260 sidemus.
758 3189 845 3257 lisso
862 3202 967 3255 antam
994 3187 1072 3257 belli
1088 3189 1219 3283 societas
1237 3207 1328 3254 eausa
1351 3187 1413 3264 sit,
1433 3207 1529 3276 quero
1545 3186 1685 3268 ludaei,
1708 3181 1740 3257 si
1754 3190 1873 3258 bellum
1890 3193 1949 3257 sub
1979 3193 2059 3261 Tra-

408 3311 485 3395 jano
514 3323 547 3374 et
577 3306 736 3373 lladsiano
759 3318 880 3393 gestum
903 3316 1100 3378 memorent,
1127 3303 1349 3371 consonasse
1378 3290 1528 3390 quidem,
1550 3325 1628 3391 quos
1657 3304 1696 3371 ad
1718 3328 1787 3373 suns
1814 3320 1918 3395 partes
1944 3310 2060 3373 laustrn

412 3424 690 3491 tmdueeraeonati
713 3433 821 3497 erant,
840 3420 1072 3506 perstringunt.
1092 3440 1156 3485 non
1168 3438 1241 3483 vero
1256 3420 1498 3485 Samaritanus
1510 3466 1520 3497 Ἴ,
1544 3417 1585 3482 de
1603 3440 1737 3506 qnorum
1760 3422 1904 3508 injuriis,
1927 3421 2059 3489 ludaeis

412 3544 529 3617 illotis,
562 3560 603 3604 no
629 3536 725 3603 serbo
755 3533 883 3623 quidam
913 3534 1113 3622 loquuntur,
1141 3531 1343 3620 cujusmodi,
1373 3543 1409 3599 nt
1443 3531 1601 3610 vidimus,
1631 3531 1797 3601 Justsuus
1824 3548 1896 3601 unte
1925 3537 2059 3601 minime

409 3656 544 3723 uonsiit.
591 3650 709 3717 Odium
731 3650 870 3738 denique
901 3649 1136 3727 llomunosum,
1164 3668 1228 3736 quo
1248 3646 1462 3723 Samaritani,
1482 3647 1684 3733 liosa'ismum
1709 3650 1914 3738 profitentes,
1942 3650 2058 3717 imbuti

410 3784 521 3846 erant,
545 3769 577 3832 in
598 3765 665 3831 dies
682 3778 809 3830 anetum
831 3786 896 3830 esse
920 3763 1066 3840 uidetur,
1096 3763 1129 3827 in
1149 3764 1259 3849 primis
1287 3776 1453 3852 postquam
1477 3762 1599 3829 bellum
1619 3787 1637 3829 a
1658 3754 1732 3829 Tito
1750 3766 1958 3852 compositum
1978 3778 2057 3831 eret.

411 3887 462 3954 lb
489 3905 527 3950 eo
549 3882 699 3965 nimirum
723 3878 797 3943 inde
827 3889 990 3964 tempore,
1014 3876 1142 3941 conditi
1160 3876 1319 3963 Neapoli,
1348 3897 1412 3940 non
1431 3861 1527 3949 modo
1548 3876 1659 3942 Cultus
1682 3877 1894 3942 Romanorum
1919 3880 2059 3964 primum

410 3990 448 4068 nd
469 3998 589 4067 sudines
611 3992 726 4063 llontis
745 3991 844 4067 sacri,
866 4003 899 4056 et
918 4012 989 4057 mos
1009 3990 1041 4057 in
1062 3991 1132 4080 ipso
1157 3991 1286 4068 lionte,
1310 3988 1423 4055 borere
1445 3991 1568 4077 eoepit,
1589 3988 1641 4054 sed
1665 4000 1698 4053 et
1709 3990 1868 4076 quisque,
1889 3992 1945 4077 qui
1969 4010 2058 4059 susm
2082 3974 2087 3984 ⁶

328 4111 337 4126 ‘
410 4108 607 4203 Religionem
630 4106 757 4198 publice
773 4105 913 4195 proliteri
938 4105 1055 4181 vellet,
1086 4126 1226 4173 annuum
1240 4105 1403 4198 'tributum
1427 4102 1559 4192 Templo
1587 4100 1764 4193 capitolino
1790 4102 1909 4168 solvere
1928 4118 2055 4170 coaetus

407 4232 504 4297 fuisse
523 4226 656 4303 videtur.
688 4220 817 4290 Judseis
842 4233 948 4301 ueste,
980 4223 1036 4310 qui
1063 4224 1165 4308 ipsum
1198 4221 1331 4309 Templo
1350 4219 1629 4305 hierosolymitano
1654 4220 1822 4307 quotannis
1842 4231 1914 4284 ante
1933 4220 2053 4307 pende·

409 4346 505 4418 bant,
528 4353 606 4405 tuno
624 4336 757 4424 Templo
773 4334 1054 4424 espitolino'idem
1071 4336 1213 4414 tradere,
1235 4336 1417 4429 impositum
1433 4335 1583 4421 statim
1608 4353 1705 4421 quere
1719 4355 1782 4401 non
1805 4330 2051 4431 eredibileest,

409 4456 634 4529 Samsritnnos,
644 4472 724 4539 quos
739 4451 899 4516 Romania
915 4448 1045 4515 Judaeis
1063 4472 1154 4538 saepe
1162 4473 1226 4518 non
1238 4451 1311 4517 satis
1321 4446 1559 4538 distinguebant
1574 4496 1583 4526 ,
1600 4446 1700 4534 hujus
1714 4449 1854 4526 ullusne,
1867 4451 1936 4536 eius
1948 4449 2054 4516 locum

409 4572 569 4649 tenentis,
586 4564 701 4632 tributi
721 4564 876 4628 immunes
899 4585 1026 4651 prossus
1043 4563 1150 4630 luisse.
1183 4566 1224 4632 m
1243 4568 1270 4631 si
1291 4566 1340 4633 sel
1356 4562 1506 4653 'ejusdem
1528 4564 1682 4628 immunes
1705 4563 1845 4640 luerint,
1868 4564 1935 4631 sine
1953 4563 2052 4631 dubio

409 4688 620 4769 Romanorum
642 4678 877 4768 llsgistsutuum
898 4679 1132 4765 vexationibus,
1160 4680 1193 4744 in
1212 4659 1352 4747 ilistorii
1371 4680 1449 4746 adeo
1471 4678 1605 4752 notatis,
1637 4677 1770 4766 expositi
1790 4676 1931 4748 inerunt.
2051 4716 2054 4727 ·

451 4798 495 4862 Es
518 4800 615 4887 igitur
633 4794 740 4872 belle,
764 4788 968 4879 subTrajano
988 4809 1021 4860 et
1030 4794 1197 4892 ‘Hadriano'
1215 4806 1323 4884 gesta,
1346 4817 1444 4883 quum
1463 4816 1527 4860 non
1547 4791 1584 4858 sd
1606 4792 1744 4860 Judseos
1765 4807 1887 4860 tuntum
1898 4841 1909 4872 ,
1934 4792 1988 4858 sed
2010 4792 2049 4857 ad

399 4980 661 5008 ..n—uub—

449 5108 491 5187 u)
511 5104 626 5166 uma
642 5105 688 5163 sse
705 5104 842 5163 semeso
859 5106 965 5181 nnn«
975 5086 991 5176 ,’
1003 5125 1031 5182 p.
1042 5104 1069 5164 s.
1155 5092 1161 5100 ’
