5467 6500
1353 853 1657 930 ⁶130-

677 1055 890 1124 Samnritanos
916 1050 1010 1115 etiam
1033 1047 1230 1136 pertineant,
1254 1057 1288 1112 et
1311 1045 1471 1136 plerisque
1501 1065 1621 1134 parum·
1635 1060 1708 1113 nota
1738 1049 1823 1124 sint,
1843 1045 1928 1114 duce
1950 1045 2136 1129 unsrsno,
2159 1048 2216 1136 qui
2233 1048 2273 1116 da
2293 1050 2330 1115 iis

678 1173 709 1235 in
729 1167 877 1243 Libello,
896 1169 963 1250 jam
978 1165 1100 1252 saepius
1119 1160 1266 1237 laudato,
1288 1161 1449 1250 speciatim
1465 1163 1631 1250 esposuit,
1655 1163 1762 1250 paucis
1782 1161 2004 1228 describamus.

721 1283 854 1359 Jodnei,
877 1277 1210 1368 postlli'e'rosolyma'a
1223 1277 1373 1341 Romanis
1393 1287 1586 1364 expugnata,
1608 1275 1731 1341 Patriae
1751 1297 1787 1340 ac
1808 1276 1962 1344 libertatis
1982 1278 2214 1368 recuperandae
2224 1278 2330 1358 studio

676 1403 720 1464 ita
751 1395 870 1462 incensi
900 1405 1008 1471 erant,
1032 1404 1068 1455 ut
1092 1390 1174 1454 bane
1203 1387 1337 1476 Scriptis
1365 1389 1415 1475 (t)
1450 1389 1601 1456 continuo
1618 1390 1756 1455 e‘rcitnre
1783 1392 2021 1472 inniterentur,
2053 1403 2087 1456 et
2117 1395 2225 1482 quiris
2257 1396 2330 1482 jugi

554 1573 558 1581 .
675 1512 798 1580 romani
809 1509 987 1575 excutiendi
1007 1507 1169 1571 occasione
1189 1525 1252 1568 non
1270 1503 1318 1568 uti
1336 1525 1399 1569 non
1419 1517 1557 1591 possent.
1604 1503 1690 1570 llaec
1710 1506 1747 1570 iis
1768 1508 1985 1593 opportunitas
2001 1505 2106 1572 oblata
2123 1520 2333 1596 estsepnante'

676 1607 822 1714 Trojano.
849 1621 972 1690 Bellum
989 1641 1072 1685 anno
1085 1622 1146 1684 111
1164 1619 1280 1684 iterum
1296 1630 1450 1684 exarserat
1471 1639 1541 1684 cum
1556 1620 1726 1696 Parthiae
1741 1620 1886 1708 quibus,
1910 1621 2200 1708 acerrimiaqaippe
2213 1620 2329 1686 Roma·

674 1763 790 1810 norum
818 1736 985 1808 hostibus,
1008 1733 1143 1810 ludaei,
1173 1734 1229 1820 qui
1258 1753 1315 1820 per
1337 1731 1499 1799 orientem
1523 1731 1728 1812 babitabant,
1751 1734 1807 1800 ubi
1827 1737 2010 1824 potuerint,
2044 1735 2110 1799 siae
2137 1735 2237 1800 dubio
2258 1739 2330 1824 opi·¹

674 1857 858 1924 talebuntur
879 1863 1045 1941 perpetuo.
1092 1847 1292 1936 Simulatque
1319 1867 1394 1936 erpo
1414 1849 1566 1935 Trajanus
1585 1851 1617 1912 in
1638 1848 1817 1914 Armeniam
1844 1850 2007 1938 proiectus
2030 1861 2120 1924 erat,
2145 1846 2261 1914 iudaei
2279 1871 2328 1914 se·

676 1967 830 2035 ditionem
861 1965 1042 2031 movebant.
1088 1964 1231 2030 Primum
1253 1961 1330 2025 haec
1353 1961 1386 2026 in
1414 1957 1588 2048 Cyrenaici
1611 1964 1740 2050 erupit,
1768 1964 1938 2050 permultis
1960 1961 2090 2029 Jutasis
2111 1961 2332 2051 frequentati,¹

676 2098 708 2151 et
728 2085 767 2151 ab
790 2083 875 2148 illius
896 2080 972 2147 belli
991 2079 1116 2147 theatro
1144 2076 1374 2152 remotissimi,
1399 2087 1493 2162 atque
1515 2096 1555 2141 eo
1573 2088 1713 2166 tempore
1730 2079 1832 2164 ‚copiis
1855 2079 1985 2144 lortssse
2006 2077 2186 2143 marimam‘
2205 2094 2329 2165 partem

675 2198 809 2288 privatis.
855 2197 913 2263 Per
933 2195 1009 2258 alias
1027 2194 1155 2281 imperii
1181 2191 1302 2255 romani
1332 2203 1456 2276 partes,
1482 2192 1614 2278 quinia
1635 2191 1837 2279 Aethiopiam
1858 2213 1981 2291 usqua,
2011 2187 2124 2258 seditio
2144 2191 2219 2258 iude
2243 2194 2330 2258 brevi

675 2313 857 2403 proserpsit.
901 2310 939 2375 ln
958 2310 1100 2396 Aegypto
1122 2307 1307 2395 praesertim
1325 2305 1407 2368 sires
1422 2305 1531 2393 oepit,
1555 2305 1611 2368 obi
1631 2318 1736 2370 tamen
1758 2304 1965 2372 Alexandriae
1985 2305 2092 2373 subito
2109 2310 2328 2396 exstinguitur.

675 2428 715 2493 In
736 2424 795 2491 lrac
814 2424 942 2513 regione
969 2421 1132 2490 Andreas
1157 2417 1311 2508 quidam,
1339 2419 1435 2483 etiam
1463 2418 1591 2483 Laenius
1614 2431 1827 2508 nuncupatus,
1863 2442 1916 2487 rer
1940 2433 2076 2486 creatur.
2121 2421 2207 2502 Hic,
2231 2423 2330 2490 classe

674 2543 803 2630 parati,
822 2540 994 2604 exercitum
1013 2539 1045 2602 in
1057 2537 1263 2602 Palaestinam
1274 2531 1363 2598 ducit
1374 2553 1384 2612 ς
1409 2552 1428 2597 a
1449 2532 1578 2600 ludaeis
1589 2581 1598 2612 ,
1624 2532 1765 2622 Cyprum
1785 2533 2017 2613 incolentibus,
2042 2539 2328 2622 strenuejuratnr,

573 2730 575 2733 ,
676 2668 709 2722 et
728 2658 761 2722 in
774 2655 909 2722 Graecos
930 2664 962 2718 et
977 2652 1133 2716 Romanos
1155 2650 1304 2715 atrociter
1320 2648 1428 2712 sacrit.
1476 2645 1617 2724 seditio,
1638 2669 1732 2734 quam
1752 2647 1887 2715 Romani
1906 2661 1979 2714 ante
1998 2648 2082 2714 baud
2102 2649 2325 2726 attenderant,

676 2769 756 2864 qaino
781 2793 856 2838 aero
884 2766 1045 2833 crescebat
1070 2763 1196 2841 eundo,
1216 2763 1353 2828 sedanda
1378 2760 1505 2827 tandem
1533 2763 1745 2828 committitur
1762 2763 1845 2830 Daci
1862 2763 2045 2860 praeclaro,
2068 2763 2329 2832 liernioLiriano

675 2884 839 2958 Turboni,
860 2883 915 2968 qui
932 2901 996 2942 non
1015 2879 1076 2944 nisi
1097 2888 1169 2962 post
1188 2875 1288 2939 multa
1311 2886 1344 2939 et
1368 2876 1474 2960 gnaris
1494 2875 1614 2961 praelis
1627 2875 1762 2941 Lucium
1774 2874 1913 2941 devincit
1935 2891 1968 2942 et
1984 2876 2120 2955 occidit,
2145 2878 2331 2945 acJudaeos

674 2997 917 3089 palaestinenses
938 2989 1056 3057 domat.
1081 2989 1243 3076 in'dlppro
1254 3000 1362 3076 postea
1379 2986 1507 3052 demum
1523 2984 1620 3052 iidem
1636 2985 1846 3084 subigantur,
1869 2989 1991 3055 atinde
2007 2993 2039 3055 in
2053 3003 2210 3079 posterum
2221 2995 2330 3086 erpel-

675 3117 798 3182 luntur.
854 3111 892 3177 ln
913 3105 1138 3196 ldesopotamii
1169 3103 1342 3169 tumultum
1374 3103 1545 3191 compescit
1564 3101 1677 3166 Lusius
1699 3100 1853 3184 Quietus,
1872 3102 1979 3188 rebus
2009 3104 2042 3168 in
2070 3103 2156 3170 bello
2178 3107 2325 3192 parthico

674 3229 864 3321 paniosate
885 3224 979 3313 pestis
1001 3221 1208 3295 nobilitatus,
1231 3219 1309 3308 qui,
1341 3215 1534 3286 Palaestinae
1552 3215 1768 3306 praepositus,
1792 3215 2010 3285 seditiosorum
2032 3219 2151 3287 mimos
2170 3231 2321 3303 coercet,

674 3344 844 3410 turbarum
861 3360 935 3405 vero
957 3336 1078 3404 radices
1102 3334 1236 3403 erellero
1251 3335 1362 3423 aequit
1384 3333 1447 3420 (2).

676 3470 681 3477 ’
722 3457 881 3543 Trojano,
908 3475 990 3520 auno
1013 3456 1074 3517 ll'l
1092 3465 1238 3528 mortuo,
1273 3452 1419 3516 successit
1439 3448 1627 3518 Hadrianus.
1653 3442 1754 3515 ¹Pace
1773 3470 1845 3513 oum
1868 3447 1995 3514 Parthis
2023 3452 2219 3539 compositi,
2245 3475 2327 3521 anuo

676 3575 824 3641 fortasse
842 3574 926 3647 120,
958 3569 1073 3633 itinera
1095 3587 1153 3655 per
1184 3567 1284 3631 sarias
1308 3566 1440 3653 Imperii
1470 3577 1574 3653 partes
1603 3562 1657 3628 bic
1681 3565 1832 3653 suscepit.
1878 3564 1970 3630 dune
1997 3568 2080 3642 130,
2105 3578 2142 3631 ut
2177 3580 2328 3635 testantur

677 3685 776 3751 Numi
807 3685 883 3767 (3),
918 3684 1098 3769 Aegyptum
1125 3692 1157 3746 et
1184 3677 1390 3746 Palaestinam
1413 3680 1504 3747 adiit.
1548 3678 1644 3743 Hune
1663 3679 1732 3764 ejus
1760 3681 1795 3744 in
1820 3676 1875 3743 lras
1904 3692 2004 3747 terras
2031 3680 2224 3760 adrentum,
2249 3681 2327 3772 quin

718 3987 762 4063 ll)
782 3985 858 4064 luter
873 3986 938 4047 basa
952 3983 1056 4063 Scripta
1066 3985 1164 4045 merito
1179 3982 1489 4055 messanensem,
1510 3979 1606 4043 Poitas
1621 3978 1799 4053 alexandrini,
1819 3980 1869 4041 snb
1887 3980 1969 4042 mem
1981 3984 2073 4061 prims·
2089 3993 2147 4063 post
2166 3984 2228 4044 cm.
2247 3984 2327 4043 secoli

677 4086 807 4158 virentia,
827 4072 944 4145 Cumara
959 4083 1150 4150 dramaticum.
1171 4084 1370 4144 liberationem
1385 4103 1419 4142 ea
1435 4084 1564 4163 Aegypto
1581 4080 1673 4140 viridis
1691 4078 1832 4139 coloribus
1840 4078 1999 4161 depingens,
2024 4086 2099 4159 cnjus
2115 4082 2242 4143 nonnulla
2255 4084 2328 4163 irap-

678 4190 769 4243 manta
784 4183 854 4262 apud
871 4182 1030 4241 Cuamrsa
1045 4190 1254 4240 ammoniaca
1269 4178 1400 4254 (Tomi,
1415 4178 1473 4251 23,
1491 4176 1638 4252 edl’ottl.
1656 4184 1682 4236 et
1695 4178 1836 4237 suessos
1852 4176 1969 4254 (Praep.
1985 4178 2095 4256 Eaanp.
2104 4178 2155 4239 tx.
2173 4200 2195 4241 a
2208 4180 2247 4241 28
2260 4188 2327 4261 seq.)

677 4280 757 4340 modo
775 4287 925 4358 supersunt.
953 4278 972 4337 J
974 4273 1048 4336 adice
1057 4276 1189 4337 Massrao
1208 4278 1265 4348 (11
1279 4278 1344 4356 pfl)
1362 4279 1395 4338 iis
1404 4276 1514 4353 Scriptis
1529 4277 1609 4335 etinm
1621 4274 1853 4351 mumanndum
1867 4278 1905 4332 est
1919 4274 2117 4333 Testamentum
2132 4276 2212 4335 XII
2225 4280 2327 4338 Patri-

678 4379 831 4436 oretanae
847 4376 889 4421 ¹·—
900 4364 940 4435 tio
958 4375 1033 4435 bellis
1046 4384 1136 4435 autem
1146 4376 1190 4446 iia,
1212 4379 1277 4433 teate
1287 4375 1407 4434 Emmro
1422 4376 1485 4454 (H.
1496 4374 1536 4432 E.
1550 4372 1600 4432 lv.
1619 4374 1649 4447 2)
1663 4373 1753 4451 pluras
1773 4370 1861 4450 graeci
1879 4368 2027 4446 Scriptores
2044 4382 2222 4448 exposuerant
2233 4419 2241 4445 ,
2255 4380 2329 4455 ,qni-

678 4474 731 4532 bns
747 4474 802 4550 lpse
817 4475 847 4535 in
863 4475 911 4548 iia,
930 4474 986 4533 12
1005 4474 1065 4532 eto
1082 4472 1254 4543 enarrandis,
1275 4490 1338 4532 usna
1354 4481 1404 4535 est.
1421 4474 1537 4532 ’Ueios
1556 4478 1660 4533 tantm
1673 4490 1772 4533 nomen
1789 4471 1919 4529 memorat
1933 4485 1989 4545 cap
2000 4467 2035 4545 6,
2050 4469 2199 4529 Aristonis
2218 4472 2328 4549 Pellaea·

681 4572 726 4649 (ad
744 4591 827 4651 quem
847 4574 937 4633 111111
964 4574 1019 4633 rid.
1035 4573 1167 4633 vinnm
1184 4574 1213 4631 ia
1228 4580 1312 4634 maol
1326 4592 1355 4649 p.
1369 4570 1432 4645 51).
1470 4572 1515 4631 Ex
1536 4571 1586 4631 illis
1604 4568 1783 4648 scriptoribus
1804 4566 1883 4625 111111
1906 4573 1944 4626 est
1969 4566 2026 4627 Dro
2046 4566 2169 4636 Caurus,
2198 4568 2328 4631 Hadriam

679 4670 807 4751 aquata,
825 4672 874 4751 qui
892 4690 948 4750 quo
961 4672 1057 4732 melias
1071 4692 1113 4731 res
1126 4673 1209 4749 ipsine
1225 4677 1310 4751 postas
1328 4671 1446 4748 cognitas
1460 4670 1583 4729 babuerit
1598 4668 1660 4745 (rid.
1674 4664 1715 4723 od
1732 4663 1881 4737 Rasrsnr,
1903 4665 1982 4725 Tom.
1994 4664 2037 4736 11,
2057 4686 2085 4742 p.
2102 4664 2208 4741 1149),
2230 4675 2256 4727 et
2274 4691 2328 4747 qno

680 4769 829 4831 accuratius
849 4788 892 4828 eas
909 4770 1050 4829 maximam
1066 4778 1169 4848 partem
1186 4768 1365 4838 enarraverit,
1386 4786 1418 4827 eo
1435 4768 1521 4849 magis
1535 4773 1574 4825 ast
1590 4762 1751 4833 dolendum,
1771 4763 1804 4823 de
1823 4762 1904 4823 Bello
1915 4764 2030 4839 judaico
2047 4782 2101 4821 non
2121 4766 2249 4842 copiosius
2266 4786 2328 4827 eum

681 4868 770 4945 spisse.
816 4866 879 4926 vit.
902 4866 979 4926 Libr.
994 4866 1096 4925 LXIX.
1117 4887 1143 4926 e.
1157 4855 1284 4926 ta-ll.
1326 4868 1421 4927 Verbo
1435 4859 1499 4927 it'em
1519 4863 1599 4941 bajus
1616 4860 1682 4921 Belli
1703 4870 1805 4922 tantum
1824 4864 1985 4923 mentionem
2006 4860 2068 4920 lecit
2085 4860 2270 4936 Saturninus,
2299 4868 2328 4925 in

681 4966 766 5042 apto
780 4964 812 5022 a·
826 4966 912 5023 rma
923 4966 1082 5035 aureas,
1094 4971 1169 5025 non·
1191 4963 1301 5036 asara,
1321 4966 1420 5045 quous
1436 4964 1585 5042 inprecor
1598 4964 1653 5041 ipse
1672 4964 1753 5021 stan
1769 4980 1844 5019 susm
1862 4960 2053 5035 conceperat
2067 4946 2130 5035 (aa.
2142 4980 2165 5019 e
2179 4962 2189 5019 r
2204 5004 2212 5033 ,
2235 4970 2260 5022 st
2270 4964 2328 5037 ts).

684 5060 792 5120 cursim
811 5058 845 5120 de
863 5059 914 5119 boa
934 5061 1003 5120 bello
1025 5070 1137 5140 eperunt
1154 5062 1410 5139 bau’n-rmngms,
1427 5062 1457 5119 in
1475 5062 1555 5121 Hiat.
1567 5061 1655 5140 Pyra,
1671 5081 1697 5137 p.
1712 5060 1765 5117 121
1786 5077 1850 5137 seq„
1867 5063 1894 5115 et
1912 5056 1941 5116 in
1958 5056 2062 5117 Ciroa.
2080 5078 2140 5136 apr.
2154 5080 2181 5135 p.
2193 5059 2230 5118 56
2243 5066 2327 5139 sept,

684 5166 712 5217 et
724 5160 950 5231 mre-rantur,
970 5161 1000 5219 in
1021 5160 1102 5219 usse.
1121 5160 1285 5220 sate-islant.
1301 5180 1329 5239 p.
1341 5158 1484 5223 tt-tott

725 5258 768 5335 12)
788 5256 923 5333 unm,
943 5255 1105 5336 plo-27.
1615 5254 1657 5335 13)
1677 5254 1808 5328 monn,
1824 5252 1897 5333 pil
1918 5272 1975 5329 seq.
