5467 6500
1300 756 1621 843 2-8-1

643 956 687 1025 ita
708 976 741 1025 se
758 955 1061 1033 accommodarunt,
1084 964 1121 1021 nt
1143 950 1185 1019 ab
1201 953 1276 1043 ipsis
1296 952 1329 1016 in
1350 961 1514 1039 posterum
1530 950 1581 1015 ris
1605 958 1733 1038 possent
1753 944 1920 1039 distingui.
1966 946 2053 1017 llaec
2074 948 2186 1017 fecerit
2208 952 2322 1039 major

644 1075 756 1139 Gentis
772 1074 990 1141 Samaritanae
1003 1095 1118 1163 para,
1136 1093 1218 1160 quae
1229 1119 1238 1150 ,
1257 1069 1408 1135 interiore
1429 1090 1503 1134 cum
1524 1068 1648 1134 Ertaris
1668 1068 1903 1135 necessitudine
1922 1069 1967 1133 sic
1984 1072 2170 1148 contracti,
2194 1072 2321 1161 privum

644 1194 755 1259 Gentis
782 1192 998 1261 characterem
1024 1191 1164 1281 primum
1185 1187 1390 1278 depravavit,
1413 1208 1488 1251 mox
1514 1188 1644 1277 penitus
1661 1185 1828 1275 perdidit,
1852 1188 1954 1275 eique
1981 1187 2058 1253 notis
2080 1188 2219 1270 amissd,
2245 1213 2321 1258 cum

643 1310 713 1376 aliis
737 1310 892 1379 Gentibus
913 1311 980 1399 ipsa
999 1307 1141 1384 coaluit,
1162 1327 1200 1371 ac
1222 1304 1389 1370 interitum
1413 1304 1474 1369 sibi
1495 1304 1631 1393 paravit.

692 1426 817 1494 Minor
832 1447 929 1516 pars
954 1425 1057 1490 avitae
1084 1421 1233 1512 religioni
1253 1419 1421 1500 adhaesit,
1443 1420 1535 1508 cujus
1561 1441 1670 1487 amore
1691 1420 1747 1511 qui
1774 1420 1892 1488 imbuti
1915 1435 2026 1500 erant,
2050 1422 2133 1490 hanc
2157 1447 2196 1491 eu
2219 1430 2323 1495 acrius

642 1545 729 1612 tueri
750 1542 972 1621 conabantur,
1007 1563 1072 1631 quo
1103 1532 1323 1607 'vehementius
1353 1536 1407 1603 alii
1436 1536 1630 1605 Samaritani
1661 1540 1696 1605 in
1725 1540 1914 1607 Esterorum
1944 1562 2032 1607 sacra
2062 1542 2212 1612 ruebant.
2258 1546 2322 1612 lle·

644 1660 795 1749 ligionam
827 1671 934 1725 sutem
965 1680 1064 1748 quum
1090 1658 1285 1724 Proavnrum
1315 1677 1405 1721 more
1430 1656 1577 1744 profiteri
1605 1655 1742 1745 amplius
1768 1680 1834 1723 non
1867 1673 2019 1748 possent,
2054 1659 2094 1726 ad
2123 1644 2323 1729 Judaeorum

645 1780 786 1845 rationes
803 1778 827 1843 ii
843 1798 876 1844 se
895 1774 1188 1843 accommodarunt.
1236 1775 1322 1861 Quos
1340 1772 1427 1839 euim
1444 1771 1523 1838 alios
1543 1771 1577 1837 hi
1598 1770 1686 1839 adire
1708 1774 1887 1864 poterant?
1936 1778 2000 1844 llos
2021 1790 2127 1846 tamen
2155 1803 2219 1847 non
2246 1784 2322 1873 sola

643 1900 838 1962 necessitas
861 1897 986 1987 co'egit,
1010 1908 1047 1961 ut
1066 1893 1264 1962 ludaeorum
1283 1891 1415 1979 vestigia
1431 1902 1628 1980 premerent.
1674 1891 1854 1959 Nonnullos
1881 1904 1955 1960 ante
1968 1896 2036 1983 jam
2059 1898 2216 1964 moverint
2233 1922 2324 1988 gra-

642 2035 704 2079 ues
723 2022 910 2103 temporum
940 2014 1187 2091 calamitates,
1212 2009 1388 2099 inquibus
1417 2008 1444 2076 si
1472 2006 1590 2075 dahros
1613 2008 1738 2097 judicio
1770 2010 1833 2075 sibi
1860 2014 2044 2101 conspicere
2075 2014 2281 2094 viderentur,
2307 2043 2325 2083 a

643 2129 838 2221 Prophetis,
861 2129 1014 2218 Ejusdem
1033 2130 1211 2209 Ministris,
1233 2128 1312 2195 olim
1332 2127 1507 2204 nunciata,
1531 2125 1566 2195 hi
1585 2127 1721 2216 lliaqiae
1740 2141 1773 2195 et
1788 2128 1898 2195 Josiae
1918 2131 2048 2197 monitis
2073 2135 2220 2212 excitati,
2246 2136 2325 2201 flie-

646 2248 807 2336 rosolyma
828 2260 993 2339 tamquam
1015 2247 1210 2314 adorationis
1234 2244 1341 2313 locum
1358 2247 1427 2334 jam
1446 2244 1615 2336 elegerint.
1663 2245 1845 2314 decedebat
1871 2249 1949 2314 ulia
1972 2251 2101 2339 insuper
2123 2259 2327 2342 opportuni·

645 2376 721 2444 tas,
746 2368 786 2432 iia
808 2377 920 2455 postea
941 2364 1048 2432 oblata
1061 2414 1073 2447 ‚
1096 2387 1179 2456 quae
1198 2362 1270 2431 aliis
1297 2361 1383 2429 baud
1404 2364 1516 2452 paucis
1546 2361 1632 2429 idem
1654 2366 1800 2432 suaserit.
1855 2364 1952 2431 Multi
1974 2388 2089 2455 nempe
2112 2370 2229 2435 ludaei
2254 2385 2326 2459 post

644 2484 784 2551 reditum
805 2506 843 2551 ex
865 2485 1053 2576 captivitate
1073 2485 1107 2552 in
1126 2482 1350 2552 Samaritidem
1372 2481 1574 2570 migrarunt,
1609 2480 1768 2569 multique
1790 2482 1886 2547 etiam
1904 2480 2024 2549 Judaei
2042 2506 2078 2549 cs
2100 2484 2122 2552 J
2126 2485 2224 2552 udaed
2246 2510 2324 2577 pro·

644 2605 736 2691 fugi,
756 2604 879 2671 exsules
898 2603 945 2669 ibi
965 2600 1134 2693 degerunt.
1179 2601 1304 2668 Horum
1322 2599 1554 2667 cousuetudine
1572 2599 1735 2679 fruentes,
1759 2599 1952 2667 Samaritani
1976 2600 2115 2690 judaicis
2134 2606 2210 2671 item
2229 2610 2326 2673 sacris

646 2719 817 2785 assuefacti
834 2731 932 2798 sunt,
956 2719 1061 2807 iisque
1084 2718 1198 2784 melius
1216 2720 1286 2806 jam
1309 2719 1471 2806 cognitis,
1495 2718 1617 2783 aversio
1648 2718 1724 2806 ipsis
1752 2716 1906 2805 paulatim
1928 2731 2075 2808 superata
2095 2720 2147 2786 sit.
2193 2722 2327 2789 dudonis

644 2836 743 2925 igitur
762 2833 954 2926 hiprimum
978 2836 1027 2900 usi
1055 2845 1129 2900 sunt
1168 2835 1337 2923 magistris.
1383 2834 1465 2903 Nam
1495 2832 1535 2899 de
1563 2833 1860 2913 Reformatoribus,
1890 2836 2125 2923 antiquioribus
2149 2838 2213 2901 illis
2246 2854 2328 2907 tesn-

610 2950 614 2957 ’
644 2952 779 3043 poribus
802 2952 886 3019 inter
909 2952 995 3041 ipsos
1026 2949 1240 3019 Samaritanus
1270 2948 1527 3040 prodeuntibus,
1559 2948 1638 3015 alibi
1658 2947 1747 3016 nulls
1765 2949 1802 3017 lit
1823 2951 1970 3034 mentio,
1992 2974 2110 3043 eosque
2132 2970 2208 3021 tunc
2228 2958 2325 3025 exsti·

646 3072 747 3151 tissa,
779 3069 866 3137 baud
890 3068 1070 3137 verosimile
1091 3082 1151 3149 ost.
1278 3082 1284 3091 ’

690 3191 734 3259 lli
742 3189 973 3280 judaicorum
993 3209 1155 3256 sacrorum
1175 3190 1272 3269 socii,
1292 3188 1387 3256 initio
1405 3191 1523 3277 pauci,
1550 3186 1663 3255 indies
1684 3187 1916 3279 frequentiores
1929 3191 2007 3260 facti
2025 3205 2120 3272 sunt,
2138 3194 2327 3284 praesertim

651 3323 725 3401 post
746 3307 917 3398 Templum
944 3308 978 3373 in
1007 3307 1117 3374 Monte
1145 3307 1367 3396 garinimitano
1396 3307 1587 3388 conditum,
1612 3320 1645 3374 et
1668 3308 1932 3378 Maccahaeorum
1960 3313 1992 3378 in
2024 3313 2138 3402 primis
2163 3327 2325 3406 tempore,

647 3450 748 3519 quum
766 3427 932 3518 religionis
955 3425 1178 3518 propagandae
1206 3424 1299 3492 ardor
1329 3425 1414 3492 inter
1436 3423 1652 3493 Samaritanus
1675 3447 1826 3516 quoque,
1851 3440 1887 3494 ut
1915 3429 2000 3520 opud
2025 3428 2187 3511 Judaeos,
2211 3455 2328 3524 erper-

645 3548 790 3637 gefactus
809 3559 904 3614 essm.
948 3545 987 3611 ln
1013 3543 1156 3608 articus
1184 3539 1348 3608 nonnullis
1370 3541 1568 3628 majoribus,
1593 3555 1657 3606 tom
1686 3543 1991 3630 palaestinensibas,
2017 3569 2112 3636 quam
2143 3553 2282 3628 esteris,
2306 3553 2330 3617 ii

646 3677 780 3753 postea,
803 3663 897 3752 priao
915 3661 1037 3750 quippe
1056 3658 1157 3726 cultu
1175 3671 1333 3738 assumto,
1357 3655 1445 3723 baud
1467 3679 1555 3723 secus
1573 3668 1669 3745 atque
1689 3657 1832 3738 ludaei,
1858 3682 1930 3726 auos
1952 3661 2069 3728 Coetus
2089 3676 2122 3730 et
2148 3665 2332 3756 Syoagogas

648 3783 736 3848 nacti
755 3792 841 3847 sunt.
889 3777 987 3845 liare
1008 3777 1208 3867 potissimum
1225 3759 1285 3864 per
1304 3776 1513 3845 Palaestinam
1538 3776 1686 3842 mediam
1707 3779 1876 3845 acerrimos
1899 3778 1933 3845 bi
1950 3802 2062 3848 causae
2086 3805 2160 3850 suae
2189 3785 2330 3852 vindices

647 3896 834 3977 habebant,
858 3897 948 3987 iique
971 3917 1028 3986 per
1055 3895 1157 3962 multo
1174 3894 1281 3962 secula
1300 3893 1347 3959 ibi
1371 3893 1556 3964 adfuerunt.
1603 3893 1647 3962 lli
1667 3896 1802 3964 maxime
1821 3895 1914 3964 bellis
1933 3919 1966 3964 se
1986 3898 2230 3968 immiscuerunt
2250 3924 2328 3968 con-

649 4028 699 4082 tra
717 4016 877 4084 Romanos
896 4016 1020 4105 saepius
1049 4015 1217 4104 susceptis,
1241 4034 1279 4080 nc
1299 4013 1400 4101 Leges
1428 4034 1556 4080 severae
1580 4037 1597 4078 a
1621 4013 1796 4094 Romanis,
1822 4013 1991 4104 inprimis
2014 4017 2054 4083 ab
2076 4018 2328 4108 Imperatoribus

650 4133 834 4202 christianis
855 4117 1098 4225 promulgatae,
1122 4130 1162 4197 ad
1185 4153 1238 4198 eos
1255 4130 1442 4221 praesertim
1463 4129 1656 4198 coercendos
1678 4132 1760 4200 lotae
1782 4145 1868 4204 suut.

693 4253 749 4317 Vis
760 4274 836 4341 argo
855 4264 981 4319 tantam
998 4249 1171 4342 confregit.
1197 4247 1264 4317 Alii
1275 4249 1362 4317 enim
1375 4261 1453 4314 tunc
1464 4249 1567 4340 putria
1583 4250 1691 4340 pulsi,
1706 4251 1763 4317 alii
1780 4251 1883 4330 caesi,
1907 4251 1963 4318 alii
1975 4250 2014 4318 ad
2025 4252 2228 4322 christianam
2240 4254 2328 4322 Reli·

647 4371 776 4458 gionem
788 4366 1021 4460 profitendam,
1044 4368 1109 4435 sire
1121 4369 1228 4457 potius
1247 4367 1480 4446 simulandam,
1506 4369 1610 4434 coacti
1630 4380 1716 4438 sunt.
1748 4369 1789 4436 lli
1809 4367 1908 4457 igitur
1926 4367 2044 4436 eurum'
2056 4370 2328 4440 Samaritanorum

649 4487 831 4576 exemplum
842 4487 932 4576 sequi
947 4483 1162 4567 ridebantur,
1186 4488 1267 4576 qui,
1286 4486 1673 4576 praeeuntibusPreoris,
1697 4485 1938 4554 llominantium
1948 4488 2329 4556 iustitutisseaecommo·

649 4604 820 4684 dantibus,
838 4603 907 4692 jam
919 4601 1044 4668 dudum
1055 4602 1094 4670 ad
1107 4601 1313 4672 christianam
1327 4605 1511 4675 societatem
1522 4619 1596 4676 ante
1608 4604 1810 4673 transierant.
1835 4605 2192 4695 Verumnequeborum
2203 4658 2213 4689 ,
2225 4631 2329 4698 neque

648 4725 780 4792 illorum
791 4771 801 4804 ,
821 4724 853 4789 ri
875 4733 1084 4802 coactorum,
1107 4723 1253 4790 Posteros
1271 4722 1441 4792 christiana
1466 4723 1608 4792 Ecclesia
1629 4735 1802 4814 perpetuos
1817 4723 1933 4792 deinde
1949 4725 2050 4791 socios
2070 4721 2194 4792 habuit.
2227 4727 2327 4794 Vero·

650 4841 754 4909 simile
765 4853 833 4920 est,
853 4837 911 4905 hos
920 4837 1134 4906 Samaritanus
1152 4839 1343 4908 christianos
1354 4841 1565 4910 lslamismum
1578 4843 1736 4933 professos
1754 4863 1840 4922 esse,
1860 4863 1959 4931 quum
1969 4842 2108 4910 Moslimi
2119 4845 2327 4911 Palaestinam

651 4968 895 5050 expugnassent.
941 4957 1012 5042 Quo
1033 4956 1120 5022 facto
1138 4958 1235 5025 multi
1246 4958 1378 5048 quidem
1397 4959 1646 5047 superfuerunt,
1673 4959 1730 5050 qui
1748 4981 1835 5026 sacra
1853 4969 2008 5026 mosaica
2023 4984 2087 5029 non
2110 4963 2326 5052 abrogabant,

660 5092 692 5146 at
712 5080 855 5169 ipsorum
875 5095 1027 5144 numerus
1050 5072 1146 5144 bellis
1162 5077 1321 5169 variisque
1340 5077 1566 5146 afflictionibus
1583 5089 1694 5169 postes
1714 5079 1812 5166 magis
1833 5079 1995 5169 magisque
2018 5081 2203 5148 imminutus
2221 5093 2281 5149 est.
