5467 6500
1096 877 1401 948 ..135-

432 1105 501 1145 nem
522 1091 598 1143 tune
619 1076 776 1161 rigentem
793 1067 1041 1158 profitebantur,
1062 1077 1095 1129 et
1115 1085 1189 1128 eum
1207 1063 1281 1150 ipsis
1298 1061 1451 1127 bloslimls
1472 1060 1699 1129 eoelesoebant.
1748 1067 1861 1144 Pauci,
1884 1067 1935 1132 sed
1960 1073 2082 1134 summu

441 1199 552 1259 ileum
576 1189 764 1260 tenaeitate,
784 1181 888 1247 Saenia
906 1183 998 1244 aritia
1018 1179 1241 1246 adhaerebant.
1282 1177 1285 1182 ’

476 1305 740 1371 Samaritanorum
771 1285 910 1362 nondum
935 1313 1157 1359 conversorum
1188 1291 1365 1378 reliquiae,⁸
1400 1289 1577 1355 Mosla'ma's
1611 1293 1791 1378 subjectae,
1821 1301 1960 1383 majore,
1987 1321 2080 1384 quam

432 1419 490 1483 sub
522 1413 768 1503 Imperatoribus
798 1413 1008 1477 Romanorum
1036 1406 1235 1483 ohristianis,
1258 1403 1406 1468 libertate
1430 1407 1459 1468 in
1494 1405 1589 1470 Oultu
1613 1430 1668 1470 suo
1706 1412 1892 1476 celebrando
1914 1435 1985 1478 usae
2015 1435 2080 1477 esee

318 1603 326 1616 ,
429 1531 596 1608 ridentur,
620 1540 653 1593 et
671 1527 754 1591 idem
772 1547 832 1613 pro
852 1525 914 1588 laoe
932 1522 1109 1596 benebeio,
1128 1533 1160 1582 et
1178 1519 1303 1596 tuteli,
1323 1522 1385 1606 quai
1410 1519 1595 1584 lruebnntur
1614 1572 1621 1599 ,
1645 1523 1799 1588 tributum
1817 1529 1968 1602 solvisse,
1989 1527 2075 1612 quod

428 1645 576 1708 erunibus
607 1642 850 1731 imponebatur,
879 1641 934 1725 qui
967 1635 1194 1702 blohammedis
1216 1633 1390 1698 doetrinam
1426 1635 1572 1720 amplecti
1602 1637 1798 1702 recusabant.
1846 1639 1931 1704 liaeo
1969 1661 2077 1704 rerum

425 1759 490 1822 luit
510 1758 651 1822 conditio
680 1757 720 1818 ab
748 1753 978 1841 expugnatione
1006 1750 1117 1836 Syriae
1145 1759 1178 1812 et
1206 1748 1399 1813 Palaestinae
1424 1769 1504 1812 anuo
1532 1753 1596 1812 636
1619 1751 1691 1832 (1),
1714 1751 1751 1814 ud
1774 1751 1868 1818 linem
1887 1755 2012 1818 eireiter
2030 1775 2079 1820 se·

429 1873 492 1935 nuli
517 1869 574 1936 Xl.
597 1870 656 1934 Per
674 1867 735 1932 hoe
754 1869 904 1955 temporis
920 1866 1057 1952 spatium
1076 1862 1266 1928 Samaritani
1285 1875 1457 1950 paruerunt
1477 1859 1676 1947 'Omaijadis,
1696 1865 1860 1931 ilbbasidis
1873 1916 1881 1940 ,
1896 1869 2076 1936 raaimidis.

311 1969 319 1993 ’
427 1985 494 2050 Sub
512 1984 561 2049 his
581 1996 684 2048 tamen
702 2031 709 2059 ,
730 1994 880 2069 regnante
898 1980 1051 2055 Hakimo,
1076 1976 1321 2058 instrueret
1339 1991 1372 2039 et
1395 1975 1562 2040 Olrriatiani
1577 2023 1586 2050 ,
1604 1977 1797 2062 aliquamdiu
1816 1981 1925 2046 durius
1948 1994 2079 2058 tractati

427 2093 510 2167 aunt.
557 2099 751 2175 Patimidae,
784 2121 801 2160 a
830 2095 1010 2182 Solguqidis
1028 2089 1154 2156 ‘deinde
1175 2089 1277 2177 pulsi.
1310 2089 1517 2156 Palaestinam
1539 2091 1654 2154 iterum
1687 2115 1768 2158 anno
1793 2097 1900 2168 1091,
1931 2097 1984 2159 sed
2020 2119 2076 2183 per

428 2215 524 2280 brere
540 2228 664 2301 tempus
686 2220 925 2300 recuperarunt.
973 2205 1188 2292 Hierosolyma
1210 2203 1359 2270 nimirum
1387 2223 1469 2268 anuo
1494 2206 1576 2268 1039
1599 2205 1640 2266 ab
1658 2206 1892 2292 expeditionum
1915 2231 2075 2274 samaram

429 2329 529 2392 Sociis
547 2315 720 2416 expugnata
741 2338 812 2390 sunt
828 2348 836 2403 3
853 2347 917 2412 quo
935 2319 1241 2408 laetoNeapolitani
1255 2317 1431 2396 ,missiaeo
1449 2319 1590 2406 Legatis,
1610 2333 1722 2405 sponte
1736 2344 1767 2386 se
1789 2324 1990 2408 subjecerunt
2012 2329 2073 2407 (2).

431 2443 519 2507 Tune
543 2455 668 2519 tamen,
691 2442 770 2505 lieet
799 2435 1048 2505 Christianorum
1078 2433 1371 2504 Oulrueeoaieatim
1394 2434 1611 2498 restitueretur
1634 2435 1710 2518 (3),
1735 2437 1939 2502 samaritanis
1963 2441 2077 2526 plura,

436 2577 529 2641 quam
549 2567 630 2620 oste
646 2555 706 2620 sub
728 2554 978 2620 Obristianorum
999 2551 1201 2637 principatu,
1222 2547 1385 2634 Pririlegie
1405 2567 1548 2612 eonoeaea
1571 2567 1636 2612 esse
1654 2549 1815 2620 ridentur.
1862 2553 2078 2630 Moslimornm

428 2672 535 2734 saltem
559 2671 671 2737 Oultus
694 2671 880 2744 ferebatur,
910 2686 949 2730 ae
978 2666 1106 2729 mutatis
1124 2661 1344 2750 temporibus,
1366 2661 1560 2740 Obrlatieui,
1582 2666 1606 2726 si
1628 2685 1716 2732 auam
1734 2667 1766 2732 in
1788 2666 1919 2734 Oriente
1936 2675 2078 2736 auctorir-

429 2800 524 2851 tutem
548 2788 626 2852 tueri
654 2785 788 2859 vellent,
814 2783 909 2857 alies,
934 2803 1029 2868 quam
1050 2776 1195 2866 plerique
1219 2777 1350 2842 Romani
1376 2779 1409 2842 in
1430 2777 1559 2844 Oriente
1589 2780 1799 2866 Imperatores
1823 2784 1898 2848 olim
1918 2785 2076 2870 probare-

429 2915 518 2974 rent‚
549 2902 581 2964 iu
607 2900 699 2966 rebare
725 2898 860 2986 publicis
889 2894 1085 2959 moderandis
1114 2893 1252 2957 rationes
1286 2894 1376 2978 aequi
1405 2905 1493 2956 erent
1524 2896 1635 2960 eoueti.
1682 2895 1719 2958 ln
1750 2897 1886 2982 Legibus
1919 2898 2069 2972 nimirum

429 3013 588 3088 ferendis,
616 3015 697 3079 Aula
727 3008 1066 3094 constantinopolitana
1095 3028 1158 3069 nen
1185 3009 1329 3067 omnium
1354 3004 1510 3080 Civium,
1535 3027 1639 3092 neque
1659 3011 1755 3070 etiam
1788 3014 1933 3072 omnium
1964 3010 2071 3102 Clari-

430 3131 620 3188 arianorum
643 3123 794 3187 rationem
816 3134 889 3186 ante
904 3120 1062 3195 habebat,
1086 3119 1139 3182 sed
1164 3139 1257 3182 unam
1279 3116 1442 3182 ebriatiani
1466 3116 1596 3194 Oultaie,
1625 3130 1656 3183 et
1678 3119 1867 3190 christianae
1889 3123 2074 3205 doetrinae,

430 3241 585 3316 formam,
611 3259 691 3324 quae
711 3235 840 3327 publiea
857 3236 903 3301 ibi
922 3246 989 3301 erat
1008 3248 1156 3321 reeepta,
1176 3232 1352 3319 spectabat.
1399 3231 1613 3311 moderatius,
1635 3247 1668 3301 et
1683 3258 1756 3303 rere
1768 3237 1967 3326 prudentius,
1990 3239 2076 3307 obri—

429 3356 521 3419 atiani
546 3352 680 3441 agebant
702 3353 883 3440 Principes,
911 3352 966 3436 qui
986 3349 1141 3413 bellorum
1166 3369 1327 3411 sacrorum
1350 3361 1450 3412 aetate
1470 3351 1502 3413 iu
1529 3348 1659 3417 Oriente
1680 3352 1841 3419 virebant.
1877 3353 2077 3421 Christianae

431 3470 588 3556 Religioni
607 3467 679 3531 lieet
693 3488 769 3555 prae
786 3467 898 3531 ceteris
921 3464 1080 3538 lavantes,
1104 3462 1181 3525 alias
1197 3459 1232 3523 hi
1250 3459 1450 3547 lleligioues,
1471 3475 1507 3527 ut
1519 3464 1727 3551 imperatorne
1738 3480 1812 3533 aute
1830 3466 2072 3536 constantinum

429 3583 594 3658 ferebant,
616 3602 654 3644 ne
668 3584 742 3666 jura
758 3601 889 3655 eornm,
909 3582 963 3667 qui
986 3580 1067 3665 ipsas
1089 3574 1333 3663 profiterentur,
1359 3576 1493 3663 Legibus
1516 3577 1648 3644 definire
1666 3594 1698 3643 et
1721 3582 1878 3647 vindicare
1892 3584 2072 3650 studebant.

484 3697 688 3763 samaritanis
718 3718 755 3760 eo
774 3709 933 3781 tempore.
959 3688 1053 3757 Saorn
1083 3693 1117 3754 in
1146 3690 1252 3755 Monte
1284 3690 1432 3755 Gariatmt
1445 3738 1455 3769 ,
1488 3702 1522 3756 et
1560 3694 1590 3757 iu
1621 3692 1723 3760 Alteri
1754 3696 1905 3781 quidem,
1936 3699 1982 3762 ibi
2015 3722 2074 3785 po·

429 3812 489 3874 sito
515 3808 529 3888 ,’
567 3811 745 3897 peregisse,
790 3807 940 3895 perhibet
979 3808 1137 3871 ltrsssarr
1181 3805 1413 3883 Tautarene,
1448 3809 1503 3894 qni
1543 3830 1595 3871 eoa
1630 3810 1735 3875 seculo
1769 3809 1954 3897 duodecimo
1997 3814 2066 3901 ipse

428 3926 507 3989 adiit
530 3925 593 4008 (1).
636 3923 719 4007 Onid
744 3936 849 3987 autem
873 3920 1081 4007 judicandum
1112 3922 1153 3983 sit
1184 3919 1224 3984 de
1253 3922 1434 3987 testimonio
1466 3920 1636 3999 Satanae,
1668 3936 1774 3987 nostro
1807 3925 1913 3988 seoulo
1946 3925 2074 3993 ineunte

428 4038 611 4131 seribentia,
634 4036 739 4101 Patres
758 4058 828 4101 auos
850 4034 1015 4099 arronei·
1033 4036 1098 4097 600
1119 4034 1208 4097 annis
1224 4046 1297 4101 ante
1319 4035 1476 4123 Aaqalone
1492 4047 1523 4098 et
1549 4034 1698 4101 Caesarei
1720 4036 1871 4101 abductos
1891 4039 1986 4105 luisse
1999 4043 2073 4125 (5),

428 4170 555 4238 prorsus
576 4148 665 4215 latet.

474 4266 532 4330 Per
562 4264 659 4329 eeouli
690 4264 815 4331 eireiter
843 4260 980 4351 spatium
1007 4258 1195 4327 Samaritani
1223 4261 1282 4324 sub
1312 4260 1559 4327 Christianorum
1592 4264 1733 4331 dominio
1762 4266 1919 4332 virebant.
1965 4271 2072 4336 Tristia

426 4359 566 4467 ¹primurn
587 4376 686 4441 boene
712 4388 854 4463 tempore
872 4377 1065 4443 Palaestinae
1091 4386 1159 4438 erat
1180 4372 1344 4455 conditio,
1366 4376 1407 4443 de
1437 4380 1500 4464 qai
1531 4378 1725 4445 emendanda
1747 4380 1861 4447 Olerio'i
1884 4396 1916 4448 et
1943 4382 2073 4449 Nobiles
2191 4400 2193 4407 ’

427 4492 561 4581 Neapoli
582 4512 666 4555 anno
695 4493 781 4555 1120
804 4491 887 4556 iuter
904 4513 937 4557 se
955 4490 1171 4557 deliberabant
1206 4490 1268 4573 (6).
1313 4491 1416 4577 liujus
1441 4492 1527 4557 urbia
1552 4494 1674 4560 ineolae
1696 4493 1754 4558 bae
1781 4507 1883 4561 aetate
1930 4496 2071 4565 hostiurn

467 4798 510 4870 (1)
529 4794 693 4856 aaa'nrs».
717 4795 794 4853 Ana.
812 4794 900 4854 nest.
916 4794 990 4873 l,p.
1011 4794 1088 4865 226,
1105 4796 1174 4868 228,

465 4894 508 4971 (2)
527 4896 670 4956 waram.
681 4894 785 4954 Trerus
803 4915 832 4971 p.
847 4893 903 4952 tet
914 4913 969 4974 aeg.
984 4895 1027 4955 ad.
1039 4894 1121 4955 Baail.
1134 4895 1275 4974 Neapolis
1286 4894 1330 4955 bie
1349 4896 1441 4955 uem
1461 4898 1597 4975 nnaeapal
1614 4896 1768 4973 φώνει.

464 4993 507 5068 (3)
526 4992 568 5053 lle
583 4992 706 5070 Epiaeopi
723 4993 880 5072 repetunt
899 4993 1000 5058 (liliam
1018 4991 1070 5053 rid.
1086 4994 1226 5055 mamea
1246 4994 1313 5054 Pal.
1333 4994 1381 5055 111
1391 4996 1444 5071 sp.
1458 4992 1514 5053 ³⁵1
1533 5014 1589 5073 aeq.

466 5092 509 5170 (il
529 5092 612 5152 Brea.
628 5091 726 5150 Tnmr.
745 5090 823 5171 p³8
836 5109 891 5171 neq.
906 5092 949 5151 ad.
964 5091 1057 5151 Com.
1077 5092 1254 5153 a'Eaamana
1274 5092 1307 5151 1.
1325 5091 1358 5151 R
1375 5092 1463 5153 1633.
1502 5092 1626 5153 ilortnm
1639 5100 1678 5152 aet
1696 5093 1776 5157 Brar.
1793 5115 1864 5155 anuo
1888 5096 1973 5179 1173.

468 5192 510 5267 (5)
530 5189 590 5250 vro„
607 5208 641 5248 ne
657 5189 728 5248 Saea
748 5190 844 5251 Il‘otie.
864 5199 890 5246 et
906 5190 993 5247 aas.
1010 5187 1082 5261 rm,
1098 5187 1183 5267 pl&
1358 5190 1401 5269 (6)
1422 5190 1559 5251 Bonam
1575 5190 1595 5251 l.
1609 5191 1642 5261 l,
1664 5190 1725 5265 111,
1746 5212 1775 5271 p.
1786 5192 1856 5255 351.
