5467 6500
1129 847 1417 929 ...37-

428 1076 463 1120 se
489 1047 705 1118 converterint
731 1046 805 1131 (ης
841 1066 922 1134 qaae
955 1043 1128 1133 praecipua
1163 1064 1255 1107 cause
1286 1043 1406 1123 inerit,
1431 1066 1530 1133 quare
1559 1047 1591 1115 in
1621 1050 1763 1119 urbibus
1790 1060 1927 1129 maxime
1956 1066 2107 1139 Gentium

430 1168 545 1239 Cultus
570 1166 648 1232 adeo
675 1164 835 1231 lloruerit.
889 1162 980 1229 Idem
1000 1160 1154 1248 Scythae
1169 1160 1327 1240 iecerint,
1353 1164 1411 1253 qui
1440 1165 1473 1228 in
1499 1166 1578 1233 urbe
1605 1168 1839 1241 Beth-subeon
1862 1200 2106 1268 remanserant,

428 1286 512 1352 unde
534 1286 563 1350 ei
581 1282 657 1349 urbi
677 1303 795 1349 nomen
815 1279 1063 1370 Scythopoleos
1088 1278 1242 1346 adhaesit·
1571 1360 1574 1369 Δ

469 1406 538 1472 llos
559 1426 637 1493 ergo
657 1414 780 1468 veteres
796 1400 1038 1489 dtBabyloaiae
1061 1398 1299 1465 errhoeaiciae
1319 1399 1440 1464 incolas
1461 1402 1518 1489 qui
1539 1403 1741 1487 consideret,
1765 1414 1829 1479 rim
1853 1416 1948 1483 simul
1963 1422 2111 1491 animad-

425 1525 524 1592 rertit
551 1534 585 1589 et
618 1520 815 1598 efficacium,
842 1542 960 1608 quam,
985 1516 1193 1607 quodmodo
1216 1516 1373 1597 diximus,
1397 1514 1567 1586 Coloniin
1596 1523 1762 1594 israelitas
1784 1528 1967 1605 habuerint.
2012 1542 2109 1609 Utri.

424 1664 488 1733 que
506 1642 557 1709 illi
578 1640 673 1708 Genti
700 1662 797 1730 quam
818 1660 891 1704 cara
913 1649 1094 1703 mercatura
1115 1636 1202 1701 fuiti
1229 1633 1421 1725 truamqaa
1442 1650 1475 1703 et
1501 1637 1722 1710 doctrinarum
1753 1648 1893 1717 studium
1919 1655 1944 1718 si
1966 1654 2110 1725 Pboeni-

425 1782 478 1829 ces
494 1783 560 1827 non
579 1758 780 1849 neglexerint
801 1774 951 1846 prorsus,
976 1777 1014 1821 eo
1036 1754 1213 1845 impensius
1238 1754 1413 1843 Babylonii
1434 1756 1538 1825 eidem
1562 1756 1665 1826 dediti
1691 1777 1793 1833 erant.
1842 1768 1922 1853 Quia
1944 1785 2050 1841 autem
2072 1778 2112 1843 de

424 1880 539 1947 barum
572 1878 724 1946 Gentium
755 1876 851 1944 rebus
882 1873 979 1967 gestis
1007 1871 1065 1940 bic
1092 1896 1158 1939 noa
1191 1875 1401 1962 exponimus,
1425 1875 1582 1944 indicasse
1608 1878 1743 1946 sufficiat
1768 1884 1946 1968 lautores,
1968 1893 2025 1981 qui
2055 1891 2111 1960 bas

425 1999 626 2087 quaestiones
656 1994 765 2063 dediti
799 1996 896 2083 operi
924 2004 1124 2060 tractarunt:
1150 1992 1355 2058 narararaa
1385 2005 1487 2083 puto,
1511 1997 1567 2084 qui
1589 1996 1629 2061 de
1650 1997 1848 2068 Phoenicum
1877 2014 2057 2078 mercatori
2079 2028 2111 2080 et

424 2117 583 2205 opificiis,
610 2130 642 2183 et
665 2115 705 2182 de
725 2114 977 2202 Babyloniorum
998 2113 1094 2178 rebus
1114 2125 1146 2175 et
1171 2110 1371 2176 commerciis
1394 2112 1460 2200 egit
1482 2112 1557 2199 (2),
1583 2115 1670 2181 Aua.
1696 2118 1903 2201 Bdcttttruu,
1929 2126 1985 2213 qui
2003 2142 2112 2195 osten.

422 2232 491 2311 dit,
515 2233 710 2320 Babylonios
730 2252 970 2296 mensurarum
986 2228 1247 2319 ponderumque
1268 2243 1404 2316 systema
1428 2252 1502 2297 cum
1526 2232 1684 2300 Gentibus
1705 2240 1874 2326 permultis
1892 2244 2051 2328 asiaticis,
2077 2264 2111 2317 et

422 2373 497 2417 cum
519 2352 648 2419 Graecis
669 2349 764 2416 ctiam
788 2349 1041 2414 communicasse
1059 2348 1132 2435 (3);
1159 2359 1228 2412 tum
1255 2349 1413 2429 maxime,
1444 2362 1480 2417 ut
1508 2349 2108 2451 aliosomittam,Quaruttttltu1utt,

419 2470 454 2535 ia
475 2469 705 2536 Dissertatioue
727 2467 770 2532 de
792 2468 1012 2535 Nabathaeos
1033 2469 1082 2553 (4)
1115 2464 1301 2555 loquentem
1324 2467 1363 2535 de
1400 2467 1558 2537 coloniis
1584 2470 1799 2558 babylonicis
1821 2478 1868 2567 (p.
1894 2482 1958 2548 126
1978 2488 2105 2575 seqq),

420 2588 553 2679 ejusque
575 2588 688 2657 Gentis
706 2586 833 2666 studio,
858 2587 890 2651 in
909 2586 1138 2673 agricultura
1149 2633 1159 2664 ,
1182 2591 1366 2676 variisque
1393 2586 1622 2677 disciplinis,
1648 2601 1680 2655 et
1703 2614 1778 2657 vero
1801 2594 1834 2659 in
1856 2597 1991 2664 biteris
2015 2607 2108 2691 posi-

422 2719 478 2784 to,
504 2707 602 2795 idque
624 2704 839 2770 illustrantem
862 2713 931 2768 turn
951 2724 988 2768 ex
1010 2701 1080 2767 aliis
1102 2700 1283 2792 Operibus,
1308 2715 1377 2770 tum
1399 2727 1436 2771 er
1456 2704 1585 2796 Opere,
1610 2705 1697 2794 quod
1710 2706 1777 2777 'lbu
1790 2708 1954 2801 Wabitjab
1983 2719 2108 2787 arabice

420 2825 517 2891 vertit
539 2827 589 2913 (p.
609 2826 673 2888 227
699 2822 818 2909 seqq).

1138 3015 1144 3021 ,
1214 2988 1245 3071 5,
1291 2988 1334 3051 ,‚

575 3152 628 3222 De
658 3152 806 3230 Terris,
827 3156 865 3215 in
887 3150 1010 3238 quibus
1034 3149 1126 3215 Gens
1146 3156 1369 3218 samaritana
1398 3155 1481 3217 olim
1503 3158 1614 3235 oa'scii,
1638 3166 1672 3224 et
1695 3156 1867 3243 Urbibus,
1891 3165 1951 3229 ubi

909 3267 1033 3339 Coetus
1055 3274 1272 3336 samaritani
1292 3282 1397 3338 anteo
1408 3273 1623 3362 floruerunt.

463 3459 516 3528 gg
536 3455 630 3524 ,pm
653 3454 834 3522 ,irredimus
857 3453 1099 3542 qaaestionem,
1124 3477 1206 3544 qaae
1228 3455 1304 3546 qais
1323 3456 1358 3520 in
1381 3455 1542 3522 llistoriae
1568 3459 1768 3524 enarratione
1800 3483 1865 3530 aon
1894 3467 1957 3533 nisi
1985 3475 2103 3542 cursim
2158 3505 2161 3510 ·
2184 3545 2191 3556 ,

416 3577 548 3645 tractari
575 3575 700 3664 possit,
733 3593 793 3638 nec
815 3586 921 3638 tamea
945 3569 1139 3657 diligentiori
1161 3575 1386 3665 disquisitione
1410 3574 1539 3666 indigna
1572 3587 1644 3655 est,
1677 3573 1733 3643 bio
1763 3580 1966 3668 absolvatur3
2002 3613 2103 3682 qaae·

418 3699 553 3764 silonem
573 3692 719 3780 intelligo
737 3691 777 3758 de
796 3691 943 3766 Terris,
960 3693 999 3752 in
1019 3690 1149 3777 quibus
1163 3694 1255 3760 Gens
1276 3697 1500 3762 samaritana
1518 3697 1600 3762 oiim
1619 3696 1732 3776 or'arii,
1747 3708 1780 3764 et
1796 3698 1837 3768 de
1851 3701 2023 3791 Urbibus,
2044 3714 2103 3779 ubi

420 3815 544 3883 Coetus
566 3812 785 3878 samaritani
802 3808 976 3896 quondam
984 3807 1198 3894 floruerunt.

422 4004 639 4028 m

458 4130 501 4207 (l)
524 4127 589 4186 vid.
608 4125 756 4186 Bremia
773 4125 792 4186 l.
810 4125 828 4183 l.
848 4145 874 4204 p
887 4125 942 4186 361
956 4145 1011 4206 seq.
1052 4127 1104 4188 llic
1121 4133 1260 4209 praeterea
1279 4125 1432 4198 existimat,
1447 4121 1572 4186 Coloniae
1589 4125 1624 4184 ab
1636 4125 1750 4203 Assyriis
1765 4125 1795 4188 iu
1809 4133 1915 4208 perlem
1931 4139 2100 4202 meridiano·

414 4230 465 4290 iesr
484 4229 573 4310 liegni
594 4225 773 4306 epbra'r'mitici
790 4231 896 4286 tratum
919 4225 1018 4288 delatas
1037 4249 1103 4290 esse.
1145 4229 1220 4305 Quae
1240 4225 1389 4296 sententia,
1408 4225 1431 4284 si
1452 4226 1545 4284 statuis
1566 4225 1637 4285 bauo
1655 4227 1740 4308 magis
1758 4247 1840 4307 quam
1862 4237 2098 4311 septentrionalem

414 4331 504 4411 Bagai
522 4335 627 4409 partem
644 4327 721 4388 bellis
742 4325 913 4402 ubamiam,
936 4333 962 4388 et
981 4327 1105 4407 pluribus
1123 4327 1237 4399 ineolis,
1262 4328 1294 4384 irs
1314 4322 1444 4382 exsilius·
1461 4324 1603 4399 adduciis,
1624 4326 1756 4404 privatum
1781 4347 1853 4404 esse,
1876 4333 1953 4396 valde
1973 4359 2001 4400 se
2021 4361 2099 4402 eom·

414 4430 534 4492 mendat.

455 4533 498 4608 (2)
519 4527 607 4588 latren
623 4526 669 4586 ssi.
687 4525 860 4601 diopetis,
879 4529 931 4588 der
950 4527 1089 4599 Verisir,
1109 4523 1320 4589 accidieris!
1336 4524 1387 4582 der
1402 4533 1572 4584 umerum
1594 4525 1701 4586 Vo'iksr
1723 4529 1774 4588 der·
1793 4529 1868 4591 diets
1893 4533 1980 4612 Veis,
2002 4539 2018 4600 1
2039 4543 2095 4618 th„

412 4633 468 4692 sire
481 4631 565 4690 Ilist.
590 4627 707 4700 Werke,
729 4626 779 4688 XI.
790 4627 850 4702 tb.,
872 4629 948 4703 Gdtt,
965 4627 1062 4701 1824,
1079 4649 1109 4708 p.
1125 4625 1166 4687 60
1182 4647 1278 4706 seqq,
1299 4625 1339 4685 86
1351 4645 1445 4706 seqq,
1468 4624 1526 4684 133
1540 4645 1632 4706 seqq,
1656 4627 1713 4687 199
1728 4647 1805 4711 seqq.

453 4729 496 4804 (3(
518 4727 735 4808 Metroiogiseis
756 4727 1006 4810 Untersseirrrsgerr
1025 4729 1093 4789 siber
1112 4729 1268 4795 Geaoieite,
1290 4727 1461 4802 Miossaisse
1480 4725 1541 4783 end
1550 4723 1650 4784 Mosae
1667 4725 1715 4786 des
1730 4727 1860 4792 Atrans.
1880 4732 1912 4789 irs
1937 4733 2027 4794 iirerr
2043 4760 2095 4798 su-

412 4828 636 4904 surraveriaage,
658 4827 732 4888 Berl.
753 4828 845 4901 1838,
866 4829 900 4888 de
920 4849 976 4908 quo
988 4831 1076 4908 Opere
1096 4828 1217 4908 exposuit
1238 4829 1304 4887 itera
1324 4825 1359 4886 ll.
1379 4825 1413 4884 0.
1433 4823 1597 4885 usauria
1616 4824 1847 4906 eguisse.
1867 4831 2052 4897 6194-96

455 4924 500 5002 (ll
520 4925 661 4986 Minairs
688 4947 740 4988 sur
762 4929 802 4989 iss
826 4929 1022 5001 Habatiierrs,
1044 4932 1144 4991 inserta
1176 4927 1356 5008 Repertorio,
1382 4927 1427 4986 cai
1452 4925 1546 4986 titulus
1574 4930 1614 4986 est
1651 4927 1746 4992 Nous.
1772 4927 1878 4991 Jourrr.
1902 4933 1999 4995 Asioi.
2027 4939 2093 4998 anai

393 5025 514 5098 ·1835,
535 5025 615 5085 tem.
633 5025 703 5099 xi,
722 5047 751 5106 p.
769 5030 903 5099 1-55,
925 5028 1098 5101 itt-137,
1119 5027 1334 5091 sitos-271.
1375 5026 1418 5087 Er
1438 5025 1547 5086 bor-ras
1563 5047 1636 5088 suno
1658 5026 1736 5088 1843
1757 5027 1886 5092 iustiimis
1909 5035 2093 5097 effossionibus

412 5149 495 5208 prope
514 5124 717 5188 liborrubidurr
737 5129 862 5188 norimus
880 5131 1011 5210 iusuper,
1031 5139 1107 5190 ortes
1122 5151 1142 5189 e
1161 5129 1311 5190 Ninivitis
1337 5127 1420 5188 etiam
1443 5125 1635 5207 antiquissimis
1654 5127 1823 5206 temporibus
1840 5131 1956 5192 studiose
1977 5135 2095 5196 excultas

408 5230 493 5291 inisse
505 5226 623 5308 (lours.
638 5227 751 5302 Arist„
767 5223 1001 5290 Jews-Aoos
1010 5228 1102 5303 1863,
1125 5249 1154 5311 p.
1165 5228 1202 5289 61
1221 5249 1298 5312 seqq.
1309 5270 1319 5304 ,
1329 5231 1357 5288 el
1375 5244 1446 5308 quae
1463 5223 1560 5288 deiude
1580 5229 1611 5288 el
1627 5223 1661 5289 de
1674 5247 1706 5290 rs
1717 5227 1900 5309 publieijuris
1915 5231 1988 5294 iacta
2006 5243 2095 5318 suat).
