5467 6500
642 983 796 1071 temporis
823 979 958 1048 decursu
981 980 1174 1060 obliteratis,
1199 983 1232 1046 in
1254 982 1321 1050 dies
1347 987 1447 1074 magis
1467 997 1637 1068 exorno-ta,
1662 998 1694 1052 et
1715 982 1819 1066 rebus.
1834 987 1948 1056 alienia
1969 989 2141 1058 commixta
2161 991 2215 1062 sit.
2248 991 2331 1060 Nur..

644 1113 717 1167 sant
737 1095 786 1165 illi
804 1097 950 1179 ibidem,
977 1097 1193 1169 Alexandrum
1212 1100 1401 1178 mandasse,
1426 1115 1461 1166 ut
1484 1102 1581 1191 Rapis
1601 1114 1722 1169 statuae
1740 1118 1957 1192 ponerentur,
1977 1131 2056 1197 quas
2069 1108 2202 1174 adorare
2220 1131 2334 1197 quom·

565 1234 569 1244 ’
646 1240 709 1308 qne
730 1218 909 1306 oportereti
932 1215 1038 1307 ipsum
1059 1224 1132 1282 reio
1156 1238 1174 1281 a
1196 1216 1429 1295 samaritanis,
1454 1215 1515 1283 hoo
1535 1219 1641 1286 lacere
1668 1219 1912 1302 recusantibus,
1934 1223 2110 1294 vindictam
2131 1247 2256 1292 sumere
2276 1249 2332 1290 so·

646 1336 767 1418 tuisse,
793 1331 845 1400 sed
870 1331 984 1400 iisdem
998 1331 1286 1420 respondentibus,
1311 1334 1507 1398 simulacra
1526 1356 1559 1400 se
1583 1335 1663 1423 Regi
1685 1337 1828 1424 posuisse
1848 1343 2038 1406 articulato
2059 1343 2256 1428 loquentia,
2283 1363 2335 1406 se·

644 1482 708 1550 que
743 1456 940 1528 moventia,
977 1450 1097 1538 Regem
1125 1447 1388 1538 placatumesse.
1437 1449 1536 1516 Filios
1567 1451 1690 1522 seilicet
1713 1473 1821 1522 reeens
1856 1471 1946 1524 natos
1971 1456 2176 1524 Alexandri
2203 1459 2333 1524 nomina

650 1571 936 1663 nuncupaveruntl

701 1691 800 1758 Nulla
821 1687 901 1753 fides
930 1684 969 1748 iis
1000 1679 1147 1748 habenda
1172 1695 1244 1762 est,
1270 1705 1352 1772 quae
1376 1683 1553 1752 Ptttnnrnx
1577 1688 1625 1774 (l)
1657 1709 1730 1754 oum
1760 1688 1830 1756 aliis
1850 1694 1981 1761 statuit:
2008 1691 2268 1772 »Alexandrum
2301 1714 2338 1758 ex

651 1811 823 1899 »Aegypto
844 1803 1019 1879 reducem,
1043 1798 1218 1866 Samariam
1239 1822 1455 1891 expugnasse,
1480 1826 1658 1893 magnoque
1687 1805 1961 1875 Samaritanorum
1990 1831 2123 1880 numero
2147 1809 2332 1888 trucidato,

653 1927 816 2014 »reliquos
836 1944 873 1989 ex
899 1919 980 1985 urbe
999 1915 1178 2006 expulisse,
1202 1939 1238 1982 ao
1259 1918 1468 1986 Macedonum
1494 1921 1647 1988 Coloniae
1669 1924 1770 2012 ipsam
1793 1922 1942 2004 dedisse3
1969 1924 2242 1994 Samaritanorum
2267 1939 2333 1992 ter·

652 2065 744 2112 »ram
775 2062 872 2131 porro
906 2057 979 2102 oum
1011 2035 1095 2100 terri
1136 2031 1334 2102 ludaeorum
1366 2041 1588 2127 conjunxiss03
1621 2041 1745 2106 reniam
1778 2062 1851 2107 rero
1878 2027 2070 2120 'concessisse
2103 2041 2332 2122 samaritanis,
2450 2074 2456 2085 ·

653 2185 694 2228 »e
719 2159 809 2225 clade
835 2151 1083 2244 superstitibus,
1120 2149 1275 2217 Siahami
1299 2153 1491 2236 habitandi,
1517 2179 1598 2246 quae
1619 2155 1694 2219 urbs
1715 2155 1756 2222 ab
1785 2179 1822 2222 eo
1853 2159 1928 2224 inde
1957 2171 2100 2248 tempore
2135 2163 2202 2247 ejus
2224 2160 2336 2226 Gentis

654 2273 864 2364 »Metropolis
888 2271 1025 2338 lueiit.'’
1073 2268 1231 2335 suctores
1252 2268 1307 2335 ille
1337 2274 1481 2362 sequitur
1499 2274 1705 2356 destruunt,
1731 2274 1798 2340 aire
1823 2277 1931 2366 potius
1953 2275 2163 2342 ttscrrssmr
2185 2248 2336 2348 laureti

653 2411 742 2472 rant,
767 2404 800 2458 et
825 2391 1010 2456 Ensxututt.
1057 2383 1234 2450 linearia
1256 2386 1351 2451 rerba
1376 2388 1453 2454 haee
1478 2400 1551 2455 snat
1572 2389 1643 2474 (2)ι
1671 2389 1751 2465 daal..
1768 2391 1948 2480 inquit,de
1971 2392 2151 2459 Alexandro
2170 2392 2330 2482 loquens,

651 2521 711 2594 τὴν
742 2505 914 2575 ἐπιεινελαν
935 2503 991 2568 sal
1012 2501 1141 2575 πίστιν,
1167 2503 1208 2581 ἣν
1227 2503 1313 2586 αὐτῷ
1338 2505 1498 2591 παρέσχον
1516 2503 1691 2578 Ἰουδαῖοι,
1712 2511 1769 2586 τὴν
1794 2489 1988 2596 Σαμαρεῖτιν
2012 2513 2117 2594 χώραν
2138 2480 2336 2595 spaniensis

649 2628 736 2710 ἔχειν
759 2620 867 2692 assota
890 2612 1135 2699 α’φθρθλόῖθῐῐῳ·
1178 2611 1360 2681 ΕῦῦΙΒῐυτι
1383 2623 1506 2702 Troos,
1533 2618 1641 2703 inquit
1663 2621 1738 2704 (3),
1760 2598 1990 2706 ἐπολιόρκησεν.
2034 2621 2200 2688 Ἰουδαίαν
2220 2643 2332 2704 προσε-

652 2738 765 2822 λάβετο
781 2730 846 2815 (καλ
876 2730 933 2794 τόν
960 2723 1106 2810 ἀρχιερέα
1130 2721 1281 2792 Ἰαόόσῦν
1313 2728 1435 2811 ἐτίμησε
1468 2733 1571 2806 θιλσας
1595 2737 1640 2816 τῷ
1668 2739 1754 2818 θεῷ,
1777 2737 1821 2810 ὥς
1839 2736 1916 2821 παρ’
1944 2736 2039 2802 αὑτοῦ
2060 2739 2118 2817 τὴν
2144 2707 2338 2816 οἰκουμένην,

606 2861 613 2872 ’
647 2846 812 2933 ὄμθόθῖὧθ
829 2837 1080 2925 “malignis
1102 2830 1140 2921 li
1165 2833 1357 2922 [Ἰουδαίας]
1380 2843 1434 2904 καλ
1458 2843 1648 2926 ἐπιμελητὴν
1664 2851 1743 2926 μετὰ
1760 2852 1825 2914 τῶν
1848 2848 1969 2915 λοιπῶν
1990 2853 2097 2916 τόπων
2115 2843 2335 2930 Ἀνδρόμαχον

650 2961 858 3043 κατέστησεν,
889 2953 929 3018 όν
953 2947 1119 3027 ἀνελόντες
1138 2952 1171 3016 ai
1195 2956 1254 3031 τὴν
1277 2957 1464 3036 Σαμάρειαν
1493 2957 1666 3031 οἰκοῦντες,
1690 2955 1781 3032 δίνας
1818 2959 1944 3034 ἔτισαν,
1977 2956 2211 3030 ἐπανελθόντος
2231 2955 2334 3020 Ἀλε·

648 3071 799 3156 §astons
818 3068 853 3144 ἐξ
881 3060 1062 3144 dirimas·
1105 3067 1175 3146 Τὴν
1202 3069 1392 3149 Σαμάρειαν
1420 3063 1517 3132 πόλιν
1548 3063 1631 3134 ἐλὼν
1658 3061 1872 3155 Ἀλέξανδρος
1895 3068 2088 3142 Μανεόόνας
2119 3071 2154 3135 ἐν
2173 3071 2254 3153 αὐτῇ
2274 3093 2334 3164 aas

651 3193 796 3273 «φησιν.
820 3179 910 3266 Quae
930 3175 971 3243 ab
991 3176 1197 3244 Htiiaottue
1209 3178 1256 3244 aio
1269 3176 1448 3243 redduntur
1467 3179 1540 3266 (4)ι
1568 3180 1797 3264 Alexander,
1819 3184 1925 3272 sapiri
1939 3180 2054 3269 Tyro,
2075 3179 2249 3248 Judaeum
2272 3185 2334 3245 in·

651 3301 769 3376 nerlii,
795 3322 820 3365 a
837 3298 908 3387 puri
917 3292 1178 3383 favorabiliter
1196 3302 1382 3383 exceptus,
1411 3294 1480 3359 Bao
1507 3298 1667 3360 victimas
1689 3298 1883 3362 immolavit
1902 3298 1940 3387 (Ι.
1963 3297 2146 3381 immolat),
2171 3298 2336 3383 Pontisi-'

652 3443 721 3486 aem
743 3416 881 3505 Templi
897 3412 1084 3480 honoribus
1103 3412 1278 3501 plurimis
1293 3416 1545 3502 prosequitur,
1573 3413 1815 3481 Andromacho
1838 3417 1988 3480 locorum
2010 3414 2149 3479 custode
2166 3413 2332 3489 dimisso,

649 3559 747 3627 praem
767 3542 894 3625 postea
914 3530 1140 3597 Samaritani
1168 3530 1413 3617 interficiunt:
1432 3530 1470 3594 οό
1494 3552 1583 3618 quae
1602 3531 1656 3595 ἀό
1678 3535 1836 3619 Aegypto
1859 3554 2019 3598 reversus
2036 3532 2242 3599 Alexander
2260 3554 2332 3595 ma·

649 3658 735 3745 gnis
756 3674 813 3718 eos
840 3652 1030 3739 suppliciis
1051 3647 1165 3736 afficit
1178 3695 1188 3726 ,
1211 3656 1248 3711 et
1273 3628 1387 3710 urbem
1411 3668 1525 3711 eornm
1547 3656 1684 3734 sapiam
1705 3646 1953 3713 Macedonibus
1984 3648 2035 3713 ael
2065 3648 2330 3715 inhabitandum

654 3770 780 3836 tradit.

700 3886 787 3953 llaec
805 3884 876 3951 illi:
897 3893 930 3948 at
948 3880 1144 3960 ridendum,
1167 3901 1245 3947 num
1264 3884 1361 3950 aere!
1388 3879 1550 3958 Primum,
1565 3878 1590 3945 si
1610 3879 1715 3946 caedis
1733 3878 1951 3947 Andromaohi
1965 3895 2134 3961 auctores,
2155 3858 2331 3949 llexandri

653 4014 830 4070 metuentes
859 3998 1061 4077 vindictam,
1080 3996 1256 4065 Samariam
1282 3998 1516 4077 munivissent,
1544 4020 1646 4087 eaque
1672 3996 1747 4063 urbs
1769 3999 1809 4063 ab
1833 4022 1871 4065 eo
1901 4015 2099 4090 expugnata,
2120 4013 2173 4074 et,
2194 3999 2330 4085 expulsis

568 4211 571 4219 Ι
654 4120 844 4210 indigenis,
869 4114 1120 4183 allaeedonnm
1151 4112 1304 4192 coloniis,
1335 4116 1401 4181 sire
1430 4115 1470 4179 ab
1493 4114 1640 4194 llrteris,
1669 4117 1701 4181 in
1732 4100 1993 4188 eastris'illorum
2014 4117 2244 4191 militantibus,
2264 4116 2328 4179 lre·
2448 4200 2452 4211 ι

655 4245 930 4327 quentataeaset,
963 4229 1042 4299 liaeo
1064 4232 1236 4299 Josxruua
1262 4251 1337 4297 sane
1368 4227 1560 4296 tradidisset.
1607 4230 1718 4297 Potius
1745 4242 1903 4310 statuam,
1928 4232 2140 4299 Alexandrum
2163 4235 2193 4295 in
2228 4234 2334 4319 lega·

655 4369 746 4445 ptum
769 4352 968 4428 abeuntem,
993 4348 1160 4417 Samariae
1180 4344 1376 4438 praesidium
1394 4334 1578 4436 reliquisse,
1610 4360 1707 4437 atque
1729 4369 1802 4414 eum
1832 4347 1892 4437 (τοο
1913 4370 1977 4413 non
1996 4348 2107 4414 fecisse
2130 4348 2167 4412 ad
2205 4348 2331 4414 Andro·

651 4468 760 4537 machi
787 4465 918 4535 eaedem
957 4463 1203 4542 vindicandam,
1234 4464 1288 4529 sed
1322 4463 1361 4530 ad
1396 4464 1606 4531 Palaestinam
1638 4463 1874 4541 cohibendam,
1908 4477 1942 4530 et
1973 4486 2047 4530 eam
2079 4466 2191 4530 arbem
2225 4468 2328 4555 ipsum

601 4634 606 4645 «
652 4589 805 4676 elegisse,
827 4587 903 4675 quia
915 4582 1071 4651 urbserat
1088 4582 1265 4673 primaria,
1286 4594 1318 4647 et
1338 4582 1373 4647 in
1385 4581 1488 4648 medii
1504 4582 1588 4647 terris
1611 4581 1693 4659 sita,
1716 4566 1814 4668 atque
1830 4581 1860 4646 ei
1879 4582 1978 4671 igitur
1998 4582 2133 4648 oonsilio
2152 4584 2324 4672 aptissima.

645 4814 914 4843 Μ

695 4981 743 5053 (l)
765 4978 910 5037 Parnarux
927 4974 979 5036 ll.
995 4974 1026 5048 1,
1045 4994 1072 5055 p.
1082 4974 1156 5047 ter,
1176 4974 1238 5036 coll.
1253 4973 1323 5035 763.
1652 4974 1696 5051 (2)
1718 4974 1827 5034 Josxan.
1843 4980 1929 5031 contr.
1949 4972 2055 5050 Apion.
2077 4972 2115 5033 11.
2137 4974 2164 5034 i.
2242 4979 2247 4991 '

690 5080 736 5158 (3)
757 5076 836 5139 Cani·
850 5074 877 5137 l.
888 5078 917 5137 J.
928 5079 1066 5139 &maxa
1100 5076 1238 5139 Τλαονν.
1253 5075 1349 5155 resp.
1359 5072 1465 5136 Erasi.
1482 5072 1526 5135 ed.
1541 5071 1578 5133 2ο
1590 5074 1674 5137 λιτοὶ.
1686 5074 1764 5137 1658
1774 5074 1827 5146 lol,
1845 5075 1957 5136 intarta
1975 5092 2019 5154 gr·
2036 5096 2065 5155 p.
2078 5076 2134 5151 56,
2154 5075 2214 5136 soll.
2223 5095 2250 5153 p.
2265 5072 2332 5133 177.

691 5181 736 5258 (l)
761 5180 864 5240 esron
893 5177 1083 5258 ..t,p.3a,
1419 5192 1422 5197 “

2556 5102 2560 5109 ι
