5467 6500
1120 786 1386 867 ...7-

406 985 449 1050 ob
476 980 632 1052 diuersam
662 1006 783 1077 porro,
807 1004 890 1075 quae
916 977 968 1049 bis
994 976 1069 1049 ideo
1102 1000 1177 1049 eum
1206 979 1364 1049 Gentibus
1387 980 1587 1060 intercessit,
1612 976 1900 1061 necessitudinem,
1924 978 2090 1071 aeriasque

405 1117 571 1191 praeterea
600 1126 708 1171 rerum
730 1100 986 1178 vicissitudines,
1020 1098 1060 1165 ad
1084 1098 1185 1164 elium
1215 1111 1366 1164 eventurn
1393 1099 1564 1167 duxerunt.
1612 1100 1857 1167 Ganaamtarurn
1885 1097 1989 1165 multo
2017 1100 2092 1188 piu·

403 1241 455 1287 res
476 1244 571 1310 quam
586 1222 620 1287 in
643 1221 823 1290 Palaestini
850 1217 1078 1298 meridionali,
1102 1217 1136 1283 in
1167 1215 1297 1283 illerum
1314 1220 1399 1284 terri
1427 1231 1655 1286 remanserant.
1703 1217 1919 1287 Phoenicibus
1941 1216 2001 1284 bae
2018 1217 2092 1284 Tri·

404 1338 464 1402 bus
483 1351 575 1405 erant
591 1339 738 1417 ticinae,
763 1358 903 1427 qnorum
926 1347 1107 1402 mercatura
1122 1335 1276 1401 latissime
1293 1334 1351 1401 diu
1371 1335 1515 1425 patebat.
1563 1334 1689 1401 Vallem
1708 1334 1838 1401 eaedem
1863 1334 1980 1401 Tribus
2000 1346 2091 1401 tene·
2124 1400 2130 1413 ,

403 1456 481 1522 bant
500 1453 788 1536 hedrelonensem,
809 1477 868 1545 per
889 1476 987 1543 quam
1003 1454 1054 1521 ria
1074 1465 1143 1520 erat
1163 1466 1381 1533 catervarum,
1403 1451 1588 1522 exoriente
1608 1454 1640 1519 iu
1652 1451 1861 1521 Occidentem
1874 1450 2090 1523 tendentium.

405 1572 641 1642 Gemmercium
669 1597 745 1666 ergo
777 1594 851 1640 eum
880 1572 1005 1640 litteris
1026 1570 1146 1638 esitare
1174 1572 1262 1661 ipsae
1294 1594 1359 1638 non
1392 1584 1554 1662 poteraut.
1600 1572 1793 1638 litterorum
1825 1591 1913 1637 secra
1942 1570 2090 1659 quotidie

402 1690 666 1781 conspiciebant,
691 1712 868 1781 eorumque
889 1690 1033 1757 moribus
1053 1692 1098 1756 ita
1119 1689 1354 1769 assuefiebant,
1378 1700 1416 1755 ut
1437 1690 1495 1757 hos
1512 1689 1599 1757 ultre
1618 1689 1845 1769 imitarentur,
1869 1709 1907 1755 ac
1921 1710 1955 1755 se
1973 1710 2089 1779 sesque

401 1832 472 1876 suas
489 1812 527 1876 iia
546 1832 610 1877 non
632 1810 874 1876 accommodare
893 1831 958 1876 non
977 1819 1121 1900 possent.
1168 1808 1265 1875 ttntrt
1282 1809 1381 1899 igitur
1402 1807 1452 1875 rel
1479 1808 1571 1876 inriti
1593 1807 1634 1875 ad
1657 1807 1811 1876 Gentium
1839 1828 1926 1875 sacra
1950 1806 2089 1895 petenda

400 1926 659 2008 seducebantur,
685 1928 787 2017 iisque
811 1929 868 2017 qui
885 1928 1018 1997 cattum
1045 1928 1187 2016 patrium
1213 1950 1278 1994 non
1299 1928 1432 1995 missum
1460 1928 1644 2007 faciebant,
1668 1925 1746 1993 huic
1767 1912 1874 1993 tamen
1899 1926 2025 2005 aliena,
2050 1946 2088 1990 ea

400 2047 469 2111 istis
491 2046 588 2111 sacris
606 2045 740 2111 oriunda
755 2095 764 2123 ,
779 2044 1009 2114 admiscebant.
1033 2046 1118 2111 ilinc
1138 2045 1345 2125 factumest,
1367 2046 1483 2112 utalia
1505 2046 1551 2111 ibi
1567 2045 1681 2113 Cultus
1701 2045 1834 2110 mosaici
1855 2044 1957 2109 iorrua
1973 2089 1983 2122 ,
1997 2063 2014 2108 e
2028 2043 2091 2108 Pa·

399 2163 502 2228 trihus
515 2163 585 2250 jam
605 2174 757 2251 accepta,
782 2162 1002 2240 stabiliretur,
1017 2161 1195 2250 quttahre
1207 2163 1302 2227 beos'a
1319 2163 1457 2251 imagine
1478 2162 1655 2229 colebatur.
1690 2161 1777 2230 Urbs
1788 2160 1869 2227 Dure
1887 2159 1984 2248 hujus
2005 2160 2091 2227 cnt-

399 2294 452 2347 tus
472 2280 561 2347 sedes
584 2295 653 2345 erat
671 2282 836 2369 primaria.
881 2280 968 2359 llic,
1001 2281 1028 2345 si
1051 2280 1112 2346 sub
1134 2279 1265 2346 Doridis
1283 2294 1315 2346 et
1338 2280 1519 2347 Salomonis
1542 2279 1678 2369 imperio
1703 2278 1749 2345 ibi
1768 2279 1999 2368 abrogaretur,
2024 2300 2090 2343 non

398 2412 503 2465 temen
527 2401 559 2465 iu
583 2396 778 2464 oblivionem
806 2395 899 2465 abiit.
941 2398 1134 2464 Jarobamns
1154 2395 1243 2491 huuc
1267 2399 1301 2464 tlt
1319 2398 1441 2465 ibidem
1462 2420 1545 2465 nero
1575 2420 1649 2463 cum
1670 2396 1841 2487 splendore
1871 2395 2031 2476 restituit,
2055 2397 2090 2461 et

397 2518 541 2584 Betlele
560 2516 720 2594 sancivit,
744 2528 876 2605 tamque
896 2516 1031 2582 firmiter
1060 2516 1228 2595 fundarit,
1259 2527 1295 2582 ut
1325 2517 1543 2606 principatum
1565 2518 1599 2582 iri
1619 2516 1730 2605 Regno
1752 2514 1979 2604 ephraimitico
2001 2511 2088 2579 idem

398 2636 576 2703 obtinuerit
598 2632 639 2699 ad
666 2634 814 2721 Regnum
845 2656 947 2722 usque
972 2636 1014 2701 ab
1037 2636 1175 2723 Assyriis
1206 2656 1365 2701 eversum.
1422 2635 1566 2721 Tamque
1597 2634 1754 2700 tenaciter
1785 2653 1843 2719 per
1868 2629 1932 2695 boc
1961 2641 2088 2718 tempus

395 2756 502 2840 major
521 2752 634 2818 Gentis
653 2750 775 2838 persei
796 2749 961 2829 adhaesit,
984 2764 1021 2817 ut
1041 2752 1169 2818 irritum
1190 2764 1272 2818 esset
1291 2750 1416 2818 setabi
1434 2751 1606 2818 consilium
1623 2750 1712 2823 huuc
1732 2748 1865 2817 Cultum
1886 2768 1961 2815 eum
1981 2746 2089 2815 Phoe-

392 2868 505 2935 nisum
523 2867 620 2933 sacris
643 2866 859 2955 permutandi.

441 2986 510 3053 Nec
531 2982 676 3051 feliciore
697 2996 814 3050 erentu
837 3006 906 3050 earn
924 2985 966 3050 ob
989 3007 1118 3053 causam
1146 2962 1338 3053 fruebantur
1359 2986 1408 3053 ibi
1428 2984 1661 3077 Prophetarum
1689 2993 1832 3050 conatus.
1879 2981 1945 3059 tlt,
1971 2980 2088 3051 Cultus

397 3106 521 3194 quippe
544 3103 676 3167 mosaici
695 3101 876 3189 incorrupti
897 3102 1061 3181 vindices,
1084 3116 1117 3169 et
1134 3104 1362 3169 emendatioris
1384 3102 1551 3170 doctrinae
1574 3102 1735 3190 religionis
1756 3100 1892 3179 nuncii,
1917 3104 2085 3189 serenique

393 3241 522 3290 morum
550 3218 716 3310 magistri,
741 3240 805 3285 non
830 3219 1063 3301 audiebantur,
1100 3220 1155 3288 sed
1181 3220 1420 3302 irridebantur,
1444 3217 1595 3289 recedere
1615 3217 1831 3308 cogebantur,
1860 3229 1916 3284 aut
1944 3218 2085 3308 expelle·

393 3342 525 3409 bantur.

440 3456 493 3524 hd
519 3453 629 3521 Josiae
661 3463 798 3518 aetatem
828 3450 943 3518 Cultus
966 3453 1027 3518 iste
1052 3452 1186 3520 bethele
1217 3454 1332 3542 riguit.
1387 3451 1440 3518 ab
1464 3451 1599 3538 Assyriis
1629 3471 1746 3541 nempe
1771 3451 1818 3518 ibi
1853 3453 2083 3529 restitutus,a

393 3575 483 3644 Josiri
518 3592 615 3645 sero,
646 3590 731 3635 aram
760 3568 941 3659 perdente,
976 3571 1092 3636 iterum
1122 3571 1294 3652 turbatus,
1324 3571 1479 3662 temporis
1506 3569 1642 3637 decursu
1672 3591 1801 3658 prorsus
1841 3569 1986 3638 sublatus
2015 3592 2083 3638 esra

393 3691 534 3759 ridetur.
581 3687 663 3754 Nam
684 3686 840 3754 credibile
855 3701 903 3754 est
922 3684 1018 3776 hujus
1048 3686 1164 3754 cultris
1192 3690 1314 3763 socios,
1340 3700 1418 3777 apto
1445 3687 1580 3755 fortasse
1601 3671 1745 3754 carentes
1772 3689 1909 3754 sacrario
1927 3701 1960 3755 et
1978 3709 2084 3755 saeer-

393 3811 509 3888 dotio,
530 3806 649 3895 partim
668 3802 707 3871 ad
727 3799 880 3870 Gentiur'u
897 3826 985 3870 secra
1005 3808 1191 3884 transiisse,
1209 3806 1327 3895 partim
1349 3807 1538 3872 sententiam
1562 3826 1675 3872 eorum
1694 3805 2078 3894 probasseJudeeorum,

394 3929 452 4016 qui
474 3946 549 3990 cum
570 3922 707 4011 genuini
717 3918 833 3988 (luitha
854 3922 956 3989 lormi
967 3971 977 4003 ,
997 3923 1204 3991 liose's'emum
1222 3921 1482 4014 profitebantur,
1501 3941 1574 3988 cum
1593 3921 1694 4010 nullis
1706 3923 1816 3992 alienis
1834 3925 2080 4014 complementis

396 4045 617 4111 commixtum.

437 4164 473 4229 ln
496 4161 682 4226 alterutram
703 4170 828 4247 partem
851 4156 970 4224 cisium
992 4179 1109 4248 nempe
1126 4138 1469 4247 Regniephraimitioi
1485 4157 1629 4247 posteri,
1656 4158 1723 4226 sire
1745 4155 1961 4228 Samaritani.
1987 4157 2077 4226 abie-

394 4291 482 4345 runt.
515 4276 666 4344 Gentium
678 4273 790 4343 cultui
809 4276 892 4342 inter
911 4298 965 4341 cos
985 4277 1205 4368 promovendo
1222 4277 1344 4344 multae
1362 4297 1476 4342 causae
1495 4276 1665 4342 terebant:
1682 4291 1751 4345 tum
1774 4279 2078 4369 eatemnipsorum

395 4408 545 4486 corrupta
568 4394 683 4462 cultris
707 4394 839 4458 mosaici
862 4395 963 4473 ratio,
987 4416 1070 4483 quae
1092 4395 1166 4462 talis
1185 4406 1254 4462 erat
1266 4443 1277 4474 ,
1298 4403 1335 4459 ut
1351 4391 1425 4459 inde
1445 4393 1485 4460 ad
1507 4394 1659 4462 Gentium
1689 4415 1777 4462 sacra
1801 4393 1949 4475 facilior,
1979 4418 2078 4486 quarn

395 4516 427 4577 in
453 4511 552 4580 Cultu
570 4512 727 4600 judaico,
750 4523 833 4578 esset
852 4512 1026 4594 transitus;
1050 4525 1120 4580 tum
1140 4525 1227 4580 arcta
1245 4513 1342 4580 etiam
1361 4513 1548 4582 eorumdem
1569 4535 1643 4580 curn
1663 4517 1777 4582 exteris
1791 4514 1941 4593 colonis,
1958 4517 1993 4584 in
2014 4517 2075 4582 Pa·

393 4633 561 4699 lnestinam
579 4630 759 4710 tramlatis,
784 4632 1009 4713 necessitudo,
1037 4631 1100 4698 hoe
1120 4631 1285 4711 efficiens,
1307 4643 1345 4698 ut
1367 4653 1443 4698 cum
1467 4631 1663 4700 Golonorum
1691 4632 1788 4699 sacris
1815 4655 1870 4699 sua
1897 4648 2076 4700 connecte·

394 4762 490 4825 rent,
514 4763 546 4815 ct
567 4749 608 4815 ed
624 4771 713 4816 suam
733 4771 787 4814 eos
805 4750 991 4819 societatem
1011 4752 1178 4822 ducerent.
1225 4751 1339 4818 Postea
1357 4749 1457 4816 hoece
1473 4748 1614 4816 surdium
1634 4750 1702 4816 siue
1725 4749 1824 4816 dubio
1847 4752 1982 4819 nutrivit
2004 4755 2074 4820 ire·

395 4887 497 4958 quens
513 4885 589 4931 cum
610 4868 764 4934 Peterin
783 4867 818 4934 iu
841 4869 930 4936 aliie
949 4868 1155 4960 regionibus,
1176 4882 1210 4936 et
1234 4889 1310 4938 sero
1330 4869 1365 4936 in
1385 4867 1497 4958 primis
1515 4889 1589 4934 cum
1620 4865 1751 4948 multis,
1784 4869 1842 4957 qui
1864 4867 2015 4960 deinceps
2036 4871 2070 4935 in

396 4983 608 5052 Palaestinam
629 4985 757 5051 aliunde
772 4986 970 5076 migrarunt,
993 4988 1234 5059 commercium.

441 5104 586 5172 Primum
605 5101 887 5185 enirnPerstruru,
906 5105 1191 5180 ueteranorum
1210 5107 1496 5188 etbemmeram,
1517 5102 1661 5172 moribus
1681 5102 1898 5195 institutisque
1918 5123 1954 5170 ac
1974 5101 2073 5170 sacris
