5467 6500
1269 822 1653 873 ,ι-ῃ-

728 1028 1110 1137 uiscerationem,
1137 1050 1183 1121 ea
1204 1046 1463 1121 Annotatione
1484 1050 1737 1137 instructam,
1762 1050 1847 1145 jam
1866 1051 2014 1125 dudum
2044 1055 2193 1149 publici
2216 1061 2324 1155 juris

683 1218 872 1307 iecissem,
908 1217 983 1293 nisi
1009 1216 1191 1311 opinatus
1212 1216 1390 1304 fuissem,
1415 1217 1522 1311 quod
1538 1218 1632 1312 jure
1655 1236 1702 1288 eo
1726 1226 1900 1312 tempore
1925 1231 2142 1315 exspectare
2161 1226 2325 1319 licebat,

683 1378 915 1458 anacam
934 1382 1187 1457 Academicis
1215 1383 1340 1478 ipsam
1368 1385 1477 1457 brevi
1504 1385 1692 1457 insertum
1717 1382 1782 1455 iri.
1833 1383 1908 1456 Sed
1929 1407 2033 1481 spem
2059 1389 2195 1464 fefellit
2221 1417 2330 1470 even·

594 1530 599 1537 ’
684 1550 764 1619 tus!
793 1544 1001 1618 Annalium
1028 1548 1151 1621 editio
1174 1569 1260 1621 ecce
1285 1551 1456 1643 primum
1478 1549 1663 1623 differtur
1684 1558 1723 1620 at
1748 1552 2076 1643 procrastinatur,
2108 1579 2154 1631 ac
2173 1562 2327 1635 tandem

683 1715 918 1809 abrogatur!

731 1879 887 1953 Interea
903 1877 996 1951 dum
1014 1901 1218 1977 suspensus
1241 1884 1296 1955 sic
1316 1885 1492 1971 tenebar,
1520 1882 1722 1957 consilium
1747 1882 1829 1976 ipse
1849 1893 2100 1959 mutaveram.
2134 1892 2324 1965 ,damac

685 2048 834 2119 tionem
852 2066 988 2140 nempe
1009 2050 1277 2135 conscribens,
1297 2048 1401 2135 vidi,
1421 2048 1677 2144 pluraquam
1699 2049 1780 2142 ipse
1798 2049 1969 2142 primum
1987 2042 2240 2147 suspicabar,
2260 2060 2324 2132 di-

682 2213 804 2286 cenda
825 2233 930 2298 esse,
952 2209 1117 2305 ideoque
1139 2234 1227 2286 eum
1254 2214 1400 2301 locum,
1430 2216 1506 2299 nisi
1535 2214 1730 2309 periculus
1750 2234 1886 2287 eorum
1909 2215 2062 2292 silentio
2090 2222 2321 2315 transirem,

683 2380 745 2451 his
771 2377 1006 2473 exponendis
1033 2380 1161 2453 minus
1180 2402 1261 2451 esse
1286 2390 1433 2476 aptum.

728 2544 805 2619 Nec
835 2545 972 2617 melius
1003 2545 1097 2642 ipsis
1123 2547 1330 2621 convenire
1348 2544 1557 2618 ridebatur
1584 2543 1703 2619 most
1725 2544 1879 2618 domae
1911 2548 2045 2621 editio.
2094 2550 2322 2627 Nonnullae

680 2712 893 2799 nimirum,
927 2733 1007 2784 non
1040 2734 1189 2799 omncs,
1217 2714 1266 2785 de
1295 2711 1439 2808 quibus
1467 2710 1657 2797 dicerem,
1682 2708 1881 2782 Historiae
1911 2698 2169 2787 samaritanae
2191 2730 2323 2814 partas

681 2878 737 2949 ibi
755 2889 1012 2964 enarrantur3
1047 2900 1093 2951 ac
1122 2876 1171 2949 de
1194 2878 1296 2966 itta,
1319 2897 1420 2974 quac
1442 2882 1729 2961 memorantur,
1758 2883 1797 2946 et
1826 2874 1875 2945 de
1902 2876 1990 2949 aliis
2013 2881 2322 2975 quaestionibus,

679 3066 768 3117 eum
785 3043 949 3119 Librum
965 3043 1248 3141 spectantibus,
1271 3055 1331 3118 tot
1351 3043 1541 3117 monenda
1560 3052 1672 3127 sunt,
1695 3048 1759 3129 ut,
1775 3040 1809 3112 si
1833 3042 1875 3113 in
1894 3043 1980 3137 ipso
2007 3044 2128 3119 Libro
2146 3022 2319 3140 mendo,

680 3221 869 3308 quantum
891 3211 979 3287 fieri
998 3211 1144 3309 possit,
1167 3210 1420 3287 concinnitati
1433 3208 1690 3297 consulatur,
1714 3208 1843 3282 omnia
1866 3208 2079 3286 omittenda
2100 3214 2199 3303 sint,
2220 3240 2320 3311 quae

678 3383 729 3452 ud
757 3402 847 3453 enm
868 3381 996 3454 minus
1021 3381 1253 3476 pertineant.
1302 3381 1413 3477 Quae
1435 3402 1530 3475 erpo
1551 3377 1601 3448 ‹le
1621 3377 1668 3448 ei
1692 3377 1813 3450 Gente
1831 3374 1992 3472 e'jumue
2016 3379 2192 3453 Historia
2216 3407 2320 3458 nnnc

676 3549 867 3620 tradenda
898 3547 1038 3633 habeo,
1061 3547 1252 3642 peculiari
1277 3545 1401 3620 Libro
1431 3543 1652 3639 complexus
1672 3561 1769 3612 snm.

723 3715 829 3794 ilaec
846 3713 1101 3810 praemonui,
1121 3714 1371 3808 utquisque,
1401 3712 1513 3784 Libri
1539 3709 1630 3782 fatis
1653 3709 1843 3802 cognitis,
1867 3711 2169 3804 animadvertat,
2197 3741 2321 3811 quare

675 3883 803 3978 ipsum
825 3905 904 3955 non
926 3881 968 3954 in
994 3879 1132 3968 aliam,
1157 3901 1204 3953 ac
1229 3877 1428 3953 meliorem
1454 3879 1643 3959 fortasse,
1668 3859 1833 3948 formam
1859 3879 2088 3975 radcffrim.
2139 3883 2233 3956 Nam
2257 3885 2320 3958 di-

676 4050 858 4145 sputandi
880 4047 1076 4134 ortiinem,
1100 4069 1215 4142 quem
1234 4048 1277 4120 in
1300 4037 1593 4130 denotatione,
1621 4039 1809 4144 Orationi
1828 4047 2140 4138 accommodata,
2166 4059 2319 4123 secutus

638 4171 642 4178 ι
675 4239 781 4304 sum,
806 4237 930 4311 quum
964 4223 1132 4308 tempus,
1161 4215 1342 4287 universo
1371 4211 1493 4285 Libro
1516 4207 1765 4284 retractando
1795 4215 2071 4303 necessarium,
2093 4217 2189 4290 mihi
2208 4219 2317 4291 ‹leis-

674 4391 750 4470 set,
782 4381 951 4454 retinens
976 4393 1016 4452 et
1045 4380 1233 4453 intactum
1255 4383 1337 4454 iere
1360 4377 1582 4474 relinquere
1614 4385 1771 4451 coactus
1794 4399 1914 4452 eram.
1965 4381 2158 4455 Nonnulla
2185 4393 2314 4455 tamen

675 4548 835 4621 uberius
859 4558 899 4620 et
918 4547 1155 4620 enucleatius
1176 4548 1355 4644 exposui,
1379 4567 1427 4618 ac
1449 4529 1573 4619 multa
1591 4555 1682 4618 ante
1700 4545 1854 4640 scriptis
1877 4547 2020 4642 passim
2039 4549 2197 4621 inserui.

723 4715 822 4789 ints
849 4675 1147 4834 &inaquam
1181 4713 1231 4789 su
1261 4714 1492 4790 naseam
1521 4711 1751 4786 amanam
1781 4712 2022 4804 transibam,
2044 4711 2247 4787 nomana
2267 4714 2318 4785 ss

566 4912 570 4918 ’
678 4884 807 4957 Geate
834 4882 1095 4978 Quaestiones
1112 4880 1308 4977 praemisi.
1356 4881 1531 4978 Quibus,
1562 4901 1608 4952 ac
1631 4880 1806 4972 sequena
1827 4878 2041 4953 Hs'stm'ice
2064 4865 2317 4979 expositioni,

671 5048 959 5146 disquisitiones
978 5048 1176 5124 interdum
1208 5048 1459 5146 interpositas
1483 5067 1563 5118 esse
1579 5043 1837 5141 philolopiccs
1856 5045 2127 5143 potiusquam
2151 5048 2316 5120 intoti-
