5467 6500
1118 841 1453 938 —'se.-·

414 1063 532 1132 Gentes
551 1061 694 1127 inimicas
715 1080 909 1132 consensus,
932 1053 989 1144 qui
1016 1077 1053 1120 ex
1080 1052 1244 1119 communi
1268 1051 1357 1118 fonte
1380 1051 1555 1117 necessario
1580 1051 1769 1119 derivandae
1790 1066 1857 1132 est,
1881 1055 2029 1124 nimirum
2061 1081 2100 1125 en

413 1181 517 1248 textus
538 1179 742 1257 recensione,
766 1161 849 1242 inter
877 1174 1018 1242 iudaeos
1051 1169 1128 1238 olim
1147 1171 1285 1248 usitati,
1311 1194 1347 1234 aa
1376 1171 1499 1237 dirersis
1530 1196 1546 1236 e
1583 1171 1793 1250 recensione,
1819 1195 1919 1261 quae,
1945 1181 2096 1268 temporis

410 1297 545 1363 decursu
578 1307 647 1360 orta
667 1291 807 1372 deinde,
831 1307 927 1382 atquc
948 1317 965 1357 a
990 1288 1123 1357 iudaeis
1149 1287 1440 1378 palaestinentibus
1470 1302 1578 1377 postea
1611 1303 1761 1379 recepte,
1796 1303 1829 1357 et
1857 1314 2096 1381 quoquoversus

435 1436 470 1478 ro
495 1437 510 1478 a
533 1424 584 1478 ste
604 1425 664 1481 cst.

409 1436 570 1619 Pdetiue
610 1531 693 1595 banc
728 1530 917 1595 sententium
950 1525 1097 1616 infringit
1120 1523 1321 1604 dissensus,
1357 1527 1434 1613 qui,
1459 1527 1648 1591 samaritano
1669 1539 1702 1591 et
1724 1548 1839 1614 graeco
1870 1525 1989 1594 Codice
2014 1529 2096 1595 inter

414 1670 447 1712 se
467 1647 613 1728 collatis,
631 1649 754 1737 saepias
776 1649 870 1713 etiem
893 1644 1102 1734 conspicitur.
1135 1642 1358 1710 Audacicres
1378 1644 1493 1708 omitto
1510 1653 1542 1707 et
1568 1645 1790 1709 arbitrariae
1811 1647 2086 1726 emendationes,

408 1778 505 1852 atque
528 1768 815 1855 interpolationes
849 1765 1021 1848 majores,
1058 1785 1140 1853 quse
1186 1761 1262 1827 dum
1290 1763 1324 1827 in
1353 1759 1474 1828 Codice
1507 1764 1696 1830 samaritano
1725 1765 1956 1844 inveniuntur,
1983 1789 2094 1856 graeca

408 1881 519 1949 Versio
537 1907 612 1949 cnm
634 1885 735 1950 Terta
757 1881 889 1969 judaico
919 1881 1019 1958 facit;
1053 1904 1157 1972 neque
1180 1883 1276 1948 etium
1301 1883 1462 1946 lectionis
1487 1887 1692 1947 varietatem
1721 1884 1813 1962 rcfn,
1835 1899 1881 1949 ex
1910 1886 2095 1951 literarum

407 2006 660 2090 permutatione
680 2010 713 2065 et
730 2001 1008 2090 transpositione
1035 1999 1230 2079 oriundam,
1253 2021 1334 2088 quae
1367 2022 1404 2066 ex
1433 2001 1499 2066 soli
1527 2000 1689 2068 Codicum
1715 2007 1888 2066 uarietate
1910 2001 2094 2083 derivetur,

407 2133 440 2186 ct
473 2142 569 2207 quam
601 2121 756 2186 miremur
776 2118 885 2207 potins
914 2141 979 2186 non
1008 2119 1112 2185 mufto
1142 2118 1395 2208 frequentiorem
1418 2141 1508 2199 csse3
1547 2118 1600 2184 sed
1631 2119 1718 2184 locos
1753 2119 1918 2210 intelligo,
1952 2124 1985 2187 in
2016 2144 2100 2211 quos
2224 2209 2227 2218 ι

405 2259 512 2326 neque
535 2239 797 2304 samaritenarunt
815 2239 957 2326 partium
979 2237 1121 2304 studium
1143 2288 1153 2317 ,
1175 2259 1281 2326 neque
1299 2259 1388 2302 casus
1413 2238 1564 2304 fortuitus
1588 2238 1686 2302 uliam
1709 2239 1775 2304 rim
1792 2241 1948 2318 exseruit,
1983 2243 2094 2328 etqui

407 2367 513 2423 tamen
525 2377 718 2446 magnopere
730 2378 746 2421 e
759 2357 938 2422 seinvicem
948 2356 1112 2424 differunt.
1137 2341 1200 2423 fios
1214 2357 1627 2446 scilicetprirnunreogito,
1652 2355 1753 2422 ubi'in
1765 2355 2031 2444 difficultatibus
2041 2380 2096 2422 re·

405 2474 582 2541 monendis
605 2484 747 2563 aterque
774 2473 891 2544 Codex
911 2480 968 2542 ita
993 2486 1173 2556 versatur,
1202 2486 1241 2540 at
1263 2478 1357 2541 alter
1377 2477 1484 2553 dene,
1514 2474 1625 2538 aliam
1654 2476 1748 2539 alter
1771 2476 2001 2561 conjecturam
2036 2499 2099 2540 ex·

405 2592 521 2659 dibeat
533 2617 546 2672 ,·
574 2593 766 2658 discrimen
787 2616 905 2683 porro,
929 2592 1016 2682 quod
1037 2597 1119 2663 Gen.
1133 2595 1164 2658 V
1184 2606 1216 2661 et
1229 2595 1275 2660 xt
1299 2595 1510 2683 conspicuum
1531 2605 1578 2656 est
1599 2591 1630 2655 in
1653 2603 1791 2680 utroque
1813 2591 1953 2669 codiee,
1980 2600 2048 2657 tum
2073 2619 2096 2657 a

409 2711 784 2789 Teatm'masoretlsico,
807 2720 876 2774 tum
896 2734 920 2775 a
940 2733 979 2775 se
1002 2716 1168 2787 invicem,
1190 2716 1228 2777 in
1252 2713 1357 2776 annis
1370 2709 1690 2788 Patriareharmm,
1714 2710 1770 2799 qui
1788 2718 1869 2773 ante
1887 2721 1919 2775 et
1939 2722 2021 2800 post
2039 2711 2101 2778 di-

405 2829 527 2895 luvium
551 2829 708 2906 vixerint,
741 2826 988 2916 diepeseendis
1015 2830 1079 2915 (1).
1129 2829 1174 2895 At
1203 2839 1332 2893 tanturn
1359 2827 1472 2907 abest,
1500 2839 1537 2892 nt
1558 2827 1669 2902 eorbrn¹
1700 2825 1845 2893 locorum
1866 2827 2024 2895 dissensus
2047 2828 2097 2900 di.

407 2953 493 3013 atain
520 2948 711 3013 sententiam
735 2945 932 3027 labefactet,
954 2960 991 3012 nt
1016 2969 1086 3013 eam
1115 2948 1142 3012 is
1169 2947 1278 3037 potius
1301 2947 1484 3013 confirmet.
1530 2943 1729 3011 Samaritani·
1755 2967 1871 3034 nempe
1893 2959 1924 3012 et
1953 2945 2094 3026 Jndeei,
2179 2967 2182 2974 ’

407 3068 450 3132 its
471 3066 668 3143 scribentes,
693 3061 929 3132 eodem'stndio
956 3065 1163 3142 ferebantur,
1184 3067 1214 3131 ei
1234 3066 1311 3131 item
1328 3066 1427 3130 aetati
1447 3064 1600 3153 propri03
1630 3061 1772 3128 studium
1794 3077 1876 3152 puto
1897 3065 1985 3131 locos
2005 3063 2095 3132 diffi-

408 3181 534 3248 ciliores
561 3169 817 3271 interpretandi,
843 3193 876 3246 et
907 3191 1028 3248 textum
1058 3179 1098 3246 nd
1122 3203 1194 3248 snas
1223 3182 1390 3272 opiniones
1416 3177 1654 3250 conformandi,
1703 3176 1797 3268 Quod
1821 3200 1921 3275 quum
1951 3203 1990 3250 co
2018 3203 2099 3252 aero·

322 3325 328 3337 ·
407 3301 568 3379 ferveret,
596 3297 682 3367 idern
702 3299 778 3367 sevi
799 3300 1119 3407 ingenium‘uterque
1137 3298 1245 3369 codex
1258 3300 1371 3371 refert.

1033 3477 1038 3485 ο

449 3644 513 3715 Sed
538 3644 731 3723 redeamus,
756 3644 842 3713 unde
869 3644 1007 3737 digressi
1025 3669 1146 3716 sumus.
1194 3648 1406 3727 Samaritani,
1432 3645 1624 3715 Sanballato·
1644 3644 1689 3713 ad
1700 3646 1938 3729 Alexandrum,
1971 3648 2098 3737 Tyrum·

403 3766 570 3833 obsidione
589 3763 815 3843 claudentem,
839 3786 872 3831 se
895 3765 1102 3847 conferente,
1137 3768 1224 3834 ultro
1242 3790 1277 3835 se
1300 3769 1329 3834 ei
1351 3766 1579 3857 subjecerunt,
1605 3769 1699 3857 eique
1726 3770 1759 3835 et
1785 3768 1819 3836 in
1845 3768 1907 3837 hac
1933 3766 2036 3850 urbe,
2061 3774 2100 3837 ἐι·

404 3886 439 3952 in
461 3884 544 3951 Geni
563 3881 771 3970 expugnandi
793 3884 843 3970 (2)
879 3884 1022 3949 auxiliati
1045 3898 1133 3953 snut.
1170 3886 1288 3961 iudaei
1308 3886 1411 3953 Persis
1429 3884 1525 3951 fidem
1544 3908 1682 3953 servasse
1703 3885 1865 3957 ridentur.
1912 3888 2095 3957 Alexander

405 4001 526 4091 igitur,
549 3999 589 4065 iis
607 3998 743 4066 urbibus
759 3999 881 4088 ceptis,
908 4000 1135 4091 Hie'rnsofymn
1161 4004 1312 4071 tetendit.
1362 4006 1464 4091 Quam
1483 4003 1596 4069 urbem
1617 4004 1643 4070 si
1664 4002 1802 4092 perdere
1819 4006 1959 4093 primurn
1985 4008 2099 4074 solue-

404 4120 466 4195 rit,
491 4106 535 4184 ab
549 4118 611 4185 hoc
628 4131 734 4187 tannen
762 4117 897 4184 consilio
919 4118 952 4185 in
972 4120 1088 4188 itinere
1110 4124 1179 4210 jorn
1199 4121 1343 4205 destitit,
1366 4122 1481 4189 intimi
1500 4121 1706 4213 persuasione
1734 4118 1851 4188 ductus
1863 4170 1875 4203 ,
1896 4121 2103 4191 Judneoruus

403 4236 519 4327 agendi
548 4237 706 4305 aedoneus
727 4260 746 4302 a
770 4236 905 4326 quasis,
936 4238 1020 4306 benc
1052 4242 1133 4311 bene
1152 4243 1394 4334 perpendente,
1423 4262 1489 4309 non
1514 4239 1731 4331 probariuon
1752 4260 1867 4330 possse
1896 4252 1966 4309 tum
1994 4243 2092 4311 etiarn

403 4358 505 4424 rictus
534 4354 669 4444 publico
698 4354 874 4444 obsequio,
908 4358 970 4447 ipsi
1001 4363 1124 4429 summi
1162 4384 1236 4429 cum
1276 4359 1458 4429 reverentii
1485 4360 1662 4449 praestito,
1694 4380 1732 4427 nn
1752 4362 1875 4451 pompi
1899 4362 2089 4452 magnifici,

403 4495 510 4565 qnae,
543 4474 569 4539 si
588 4473 668 4562 quid
687 4471 798 4550 eliud,
821 4474 861 4539 ed
883 4474 962 4541 iram
981 4480 1257 4581 componendum,
1274 4492 1308 4548 st
1329 4491 1525 4570 generosum
1549 4474 1721 4547 bleisndri
1741 4481 1883 4549 animum
1897 4481 2096 4571 placendum*

403 4594 565 4684 aptissima
585 4591 717 4659 fuerint.
765 4590 889 4701 idem
915 4590 1070 4665 sarnus
1090 4600 1146 4687 (3)·
1163 4599 1280 4687 insigni
1298 4598 1396 4667 modo
1414 4611 1583 4678 exornata,
1608 4612 1646 4666 nt
1666 4600 1710 4665 sic
1732 4600 1904 4681 acciderit,
1925 4600 1997 4669 deni
2016 4624 2096 4668 sane·

444 4853 487 4929 (Ι)
509 4853 553 4912 De
571 4853 650 4911 tocco
663 4850 805 4928 dbosnsu,
822 4860 902 4935 atque
917 4855 1075 4933 discrimine
1091 4865 1221 4923 astense
1237 4862 1291 4922 rid.
1311 4863 1410 4923 Gaas.
1429 4862 1445 4921 1.
1458 4860 1518 4941 lep
1536 4861 1573 4922 10
1588 4840 1653 4943 deq,
1669 4861 1729 4923 colb
1744 4862 1917 4946 nid-seqq.

327 4999 330 5003 Δ
446 4950 489 5029 (2)
510 4951 552 5010 De
566 4948 711 5011 Pboenieib
732 4954 767 5014 ab
783 4952 936 5016 Alexandro
951 4956 1089 5035 subjecte,
1109 4968 1135 5021 st
1154 4962 1187 5023 de
1205 4962 1278 5039 Tyro
1292 4984 1341 5043 per
1361 4963 1380 5022 7
1403 4982 1533 5032 mensa,
1554 4968 1634 5042 atque
1652 4962 1686 5021 ds
1707 4963 1781 5023 Gazt
1807 4984 1857 5043 psr
1876 4966 1895 5025 5
1915 4986 2024 5027 menses
2039 4966 2095 5024 ob—

403 5053 491 5124 tusi,
511 5048 548 5111 ei.
569 5046 715 5109 nunna
732 5050 752 5111 f.
769 5053 789 5111 l.
816 5054 942 5131 plns,
971 5064 999 5115 et
1016 5056 1075 5118 406
1098 5078 1173 5141 seqq.
1213 5061 1364 5145 Inprimis
1393 5063 1424 5123 J.
1441 5061 1483 5123 G,
1501 5061 1625 5122 naseu
1653 5060 1815 5123 Gesediedte
1840 5064 2018 5125 AEeaeandera
2041 5064 2096 5123 decr

407 5152 528 5211 Grossen
546 5144 755 5223 (Bartlttstt,
772 5168 800 5227 p.
814 5150 986 5215 tte-200.

444 5248 491 5329 (3),
508 5249 592 5311 Ante
607 5243 659 5307 xl.
678 5242 709 5306 8.
726 5244 771 5320 b,
787 5247 862 5306 oti.
