5467 6500
1341 843 1653 936 *1084

656 1045 736 1152 'saite
758 1071 869 1126 tenere
897 1042 1069 1122 studebant
1097 1051 1169 1141 (1);
1205 1071 1290 1116 rure
1316 1072 1381 1119 non
1405 1071 1519 1141 magna
1547 1049 1644 1141 salpe
1678 1063 1748 1120 erat
1774 1049 1922 1143 'ipsorum
1953 1059 2149 1126 santonus.
2199 1057 2337 1128 crues.

656 1177 816 1272 praesidia
837 1177 862 1242 si
884 1171 990 1241 salida
1008 1193 1134 1262 semper
1155 1171 1311 1250 luissent,
1334 1168 1416 1235 baec
1428 1182 1591 1236 tractuum
1612 1171 1907 1260 circumjacentium
1930 1175 2049 1244 incolas
2069 1181 2210 1270 graviter
2226 1202 2337 1250 serare

654 1297 853 1390 potuissent,
877 1317 917 1360 an
939 1313 1014 1359 rere
1033 1311 1070 1356 ea
1089 1291 1280 1379 plerumque
1300 1288 1484 1354 suffecerint
1506 1285 1547 1353 ad
1568 1287 1663 1354 urbes
1684 1289 1876 1358 coercendas
1887 1341 1897 1373 ,
1923 1315 1960 1360 ac
1977 1275 2162 1366 remotiores
2182 1299 2337 1366 ruricolas

654 1413 870 1492 coercendos,
894 1409 1090 1477 dubitamus.
1124 1407 1260 1474 Grarem
1283 1405 1432 1497 proiecto
1454 1418 1576 1473 metum
1597 1407 1665 1497 ipsa
1689 1404 1740 1474 bis
1757 1429 1822 1476 non
1844 1409 2054 1492 incusserint,
2075 1435 2174 1502 quum
2190 1416 2338 1484 Judaeo·

652 1554 727 1600 rum
746 1533 860 1621 llesp.,
877 1527 971 1596 bellis
989 1524 1136 1615 gerendis
1155 1523 1306 1604 detenta,
1331 1545 1370 1590 ac
1387 1523 1536 1591 civilibus
1553 1523 1722 1592 discordiis
1742 1525 1933 1608 dilacerata,
1960 1551 2010 1596 rea
2021 1528 2211 1601 domesticas
2222 1555 2336 1602 curare

652 1652 730 1717 satis
744 1647 893 1715 baberet.
939 1644 1104 1712 Exercitus
1125 1665 1222 1733 porro
1248 1654 1469 1723 transeuntes,
1495 1655 1527 1710 et
1551 1643 1674 1732 proelia
1689 1645 1881 1725 commissa,
1905 1643 2184 1716 Samaritanorum
2209 1651 2338 1720 Terram

653 1767 817 1838 interdurn
848 1775 935 1830 certo
956 1761 1172 1832 devastarunt.
1201 1763 1346 1830 Partium
1367 1773 1479 1827 contra
1495 1760 1702 1850 judaicarum
1726 1773 1886 1830 certamen
1912 1761 2121 1832 samaritanis
2138 1768 2205 1834 aine
2236 1769 2337 1836 dubio

654 1883 791 1976 profuit.
818 1881 1000 1948 Pharisaeos
1014 1880 1186 1947 acerrimos
1201 1877 1237 1946 bi
1255 1879 1385 1971 quidem
1403 1879 1598 1947 adversarios
1614 1878 1777 1946 habebant
1792 1892 1846 1960 ,at
1865 1881 1889 1947 ii
1913 1881 2013 1948 etiam
2031 1883 2065 1948 in
2083 1883 2338 1952 mediiscalami-

654 2002 776 2069 tatibus
791 1999 931 2092 publicis
942 2047 952 2079 ,
976 1998 1093 2088 quibus
1112 1998 1174 2088 ipsi
1191 1997 1442 2086 premebantur,
1465 1998 1614 2088 pluribus
1633 2000 1770 2088 negotiis
1784 2013 1876 2066 erent
1897 1999 2031 2081 obruti,
2054 2023 2150 2092 quem
2169 2016 2205 2070 ut
2224 2003 2335 2072 Sama·
2395 2085 2399 2092 ι

655 2123 776 2188 titanos
788 2140 914 2207 semper
934 2117 1136 2184 attenderent
1154 2138 1359 2206 magnopere.
1407 2117 1666 2197 Asadducaeia,
1691 2119 1770 2207 qni,
1791 2128 1827 2182 nt
1846 2116 1941 2183 multi
1957 2117 2170 2199 Samaritani,
2195 2121 2337 2210 antiquis

653 2240 782 2330 placitis
801 2238 957 2304 tenaciter
976 2232 1097 2302 addicti
1123 2248 1235 2316 erant,
1271 2235 1306 2300 bi
1329 2236 1407 2301 boni
1429 2236 1507 2326 qnid
1539 2237 1601 2302 sibi
1622 2257 1750 2328 sperare
1776 2247 1949 2326 poteraut,
1973 2238 2053 2326 quin
2077 2237 2338 2307 Sadducaeorum

654 2359 796 2425 rationes
817 2354 968 2445 politicae
984 2353 1099 2421 Sectae
1123 2352 1384 2419 Sadducaeorum
1405 2355 1612 2432 vindicibus,
1648 2351 1833 2423 Alexandro
1853 2355 1998 2422 Januaeo
2016 2367 2050 2422 et
2074 2356 2259 2424 Aristobulo
2280 2357 2336 2435 11,

654 2477 833 2552 suaserint,
857 2485 895 2538 ut
928 2469 1137 2538 samaritanis
1160 2472 1317 2538 laterent.
1362 2469 1444 2538 Nam
1466 2472 1502 2539 bi
1522 2475 1684 2564 principes
1698 2519 1709 2554 ,
1735 2473 1762 2538 si
1791 2495 1856 2539 nou
1877 2495 2022 2564 magnam
2043 2473 2141 2541 fidem
2162 2475 2335 2541 habuerint

652 2592 864 2679 Pereprr'rta's
876 2640 886 2670 ,
898 2587 1122 2657 samaritidem
1136 2587 1374 2668 incolentibus,
1392 2589 1640 2658 etSamaritauis
1649 2641 1658 2672 ,
1673 2592 1732 2682 qui
1750 2591 1960 2661 Graecorum
1978 2591 2114 2662 Unitum
2124 2593 2334 2682 profiteren-

654 2711 797 2789 tur,rel
825 2709 871 2775 ab
888 2729 927 2774 eo
947 2731 1015 2774 non
1032 2729 1187 2796 prorsus
1208 2714 1322 2772 essent
1343 2706 1461 2772 ols'em'
1470 2757 1480 2788 ,
1499 2745 1544 2758 -
1567 2710 1691 2799 quippe
1711 2732 1849 2805 quorum
1875 2713 1977 2799 major
1995 2735 2089 2802 pars,
2109 2711 2196 2801 quod
2226 2712 2334 2778 Ptole·

654 2823 779 2898 tua'idis¹
796 2823 920 2892 obsidio
944 2836 1099 2902 testetur,
1123 2824 1190 2890 siae
1211 2844 1285 2889 cum
1307 2825 1533 2890 communibus
1556 2827 1666 2893 Gentis
1685 2828 1838 2915 judaicae
1859 2827 2003 2896 hostibus
2024 2830 2249 2920 conspirabat,
2272 2831 2339 2895 sire

654 2948 696 3013 ad
717 2948 859 3034 ipsorum
876 2955 984 3032 partes
999 2941 1199 3019 inclinabat,
1222 2979 1267 2993 —
1286 2941 1383 3010 iidem
1400 2963 1438 3014 eo
1457 2939 1619 3010 lubentius
1639 2943 1812 3010 tribuerint
1828 2945 1892 3022 iis,
1923 2947 1981 3032 qui
1999 2945 2130 3012 Cultum
2158 2951 2336 3014 mosaicum

656 3063 938 3154 amplecterentur.
986 3060 1054 3126 llos
1080 3082 1176 3150 ergo,
1198 3073 1234 3125 nt
1266 3059 1421 3142 dirimus,
1446 3061 1569 3129 Vallem
1595 3059 1825 3128 sichemitieam
1850 3061 1889 3126 iis
1913 3062 2111 3152 temporibus
2133 3060 2250 3129 iterum
2275 3059 2334 3127 ad·

657 3185 743 3263 iisse,
761 3193 793 3247 et
811 3179 1002 3287 sadducaeis
1021 3176 1106 3246 baud
1122 3180 1401 3294 improbpntibus,
1424 3180 1536 3246 incolis
1553 3201 1661 3246 rursus
1681 3181 1922 3270 frequentasse,
1942 3181 2110 3247 verisimile
2129 3195 2187 3250 est.

701 3302 894 3370 Samaritani
914 3299 1012 3389 igitur
1030 3300 1067 3364 ei
1088 3310 1211 3377 aetate,
1232 3303 1295 3389 qui
1312 3300 1461 3368 Romanis
1480 3298 1750 3387 subjiciebantur,
1771 3320 1809 3365 er
1820 3298 1965 3363 cladibus
1985 3300 2207 3387 anteacceptis
2219 3298 2337 3365 sensim

657 3417 893 3512 quodammodo
907 3417 1136 3484 convaluerant
1158 3419 1222 3504 (2)
1269 3422 1314 3487 11ι
1346 3417 1537 3486 Samariae
1557 3418 1646 3485 urbis
1666 3430 1751 3485 sorte
1774 3416 1806 3483 id
1832 3420 1908 3483 item
1930 3431 2075 3507 apparet.
2122 3418 2214 3485 lianc
2234 3415 2335 3485 Aulus

563 3568 568 3575 ·
657 3540 815 3607 Gabinius
844 3558 916 3604 oum
948 3536 1019 3601 aliia
1041 3536 1177 3601 urbibus
1202 3538 1234 3602 in
1264 3540 1363 3603 urbis
1388 3542 1542 3603 munitae
1563 3536 1699 3603 formam
1724 3534 1855 3625 quidem
1873 3538 2015 3602 restituit
2038 3539 2109 3624 13),
2133 3558 2243 3603 rerum
2262 3548 2337 3603 ante

657 3660 727 3745 ejus
748 3655 923 3724 adrentum
950 3655 993 3719 ab
1011 3656 1087 3744 ipsis
1108 3653 1316 3721 samaritanis
1336 3665 1534 3732 restaurate,
1560 3665 1658 3741 atque
1680 3674 1698 3717 a
1721 3650 1853 3718 Judseis
1870 3652 2035 3739 ,praesidio
2058 3650 2154 3717 etism
2179 3654 2335 3721 instructa

531 3782 537 3793 '
656 3777 773 3844 iuerat.
817 3774 989 3862 Pompeius
1009 3771 1094 3837 banc
1113 3770 1256 3859 aliasque
1280 3770 1526 3838 urbesdudscis
1548 3772 1668 3861 eripuit
1690 3770 1754 3857 (i).
1802 3764 1925 3834 Nomen
1949 3767 2205 3853 Γαβινιὸιολις,
2226 3791 2242 3834 a
2263 3772 2334 3837 Ga·-

656 3894 746 3959 binio
763 3892 822 3982 ipsi
851 3889 1014 3967 inditum,
1042 3888 1255 3955 invalescente
1276 3912 1359 3957 noro
1383 3891 1514 3957 nomine
1539 3888 1734 3979 1Σιβασιι1),
1757 3885 1799 3957 ab
1818 3884 1947 3955 Herode
1975 3903 2112 3973 magno,
2137 3895 2174 3950 ut
2205 3870 2332 3957 (lassari

656 4011 862 4093 adularetur,
883 4010 961 4076 buic
980 4007 1054 4075 urbi
1078 4008 1225 4089 tributo,
1247 4008 1335 4079 breui
1356 4008 1536 4076 obsoletum
1559 4018 1607 4074 est
1625 4006 1689 4095 (5).

659 4145 666 4181 2
701 4130 836 4213 Romani
864 4128 924 4197 ban
943 4125 1038 4196 urbes
1065 4127 1269 4196 restituentes
1299 4130 1366 4195 sire
1389 4128 1584 4204 munientes,
1610 4147 1646 4191 ac
1670 4123 1822 4214 pristinos
1846 4122 1967 4191 incolas
1993 4142 2031 4189 ec
2058 4132 2267 4201 resecantes,
2298 4134 2331 4189 et

655 4250 732 4315 alios
756 4246 886 4313 aliunde
920 4245 1116 4321 allicientes,
1152 4244 1289 4312 cassella
1322 4258 1455 4326 contra,
1487 4266 1570 4333 quae
1597 4241 1766 4309 Seditiosis
1791 4254 1895 4309 tutum
1918 4236 2117 4328 praebebant
2143 4238 2304 4325 refugium
2316 4282 2328 4319 ,

655 4365 827 4430 diruebant
845 4364 908 4449 (d).
943 4362 1186 4451 inprudenter
1207 4352 1282 4431 sane
1302 4364 1395 4431 sic‘ii
1416 4362 1564 4454 egebant.
1605 4359 1747 4431 Urbibus
1768 4354 1817 4427 iis¹
1836 4378 1951 4447 nempe
1972 4354 2150 4433 restitutis,
2174 4366 2244 4421 tum
2264 4354 2330 4423 Sa·

645 4536 913 4563 m

680 4644 734 4724 11
727 4672 736 4723 p
757 4646 866 4707 Josrra.
879 4648 922 4707 11.
941 4646 1021 4707 11111.
1047 4648 1094 4709 15.
1110 4646 1137 4707 1.
1179 4650 1222 4710 De
1237 4648 1411 4710 Palaestinae
1420 4647 1588 4721 conditione,
1615 4646 1744 4725 repname
1757 4640 1886 4721 maeotii
1904 4636 2150 4715 Haimouaeornm,
2172 4658 2205 4702 aa
2221 4640 2255 4702 de
2271 4633 2331 4703 Ve-

650 4754 741 4808 terum
758 4746 819 4806 de
810 4746 893 4826 rpaius
910 4741 990 4805 rebus
1006 4748 1086 4827 pestis
1098 4747 1216 4826 judicio,
1238 4743 1808 4827 ι1(1.8ιιιιιιιιι,1..11>131ιιι1.Δ

572 4839 1550 4927 ⁸12)Deusapnoincolarnmnunrero,‹puol'alnestinoira
1570 4842 1736 4921 temporibus
1755 4841 1921 4919 &mactata
1944 4842 2023 4909 erat,
2049 4844 2076 4899 et
2095 4837 2128 4903 de
2146 4848 2323 4930 mercatura

648 4946 828 5064 apriemturd,
851 4947 1006 5024 artiumque
1026 4950 1052 5003 et
1067 4942 1269 5021 disciplinarum
1285 4946 1387 5017 studio,
1409 4954 1479 5007 tunc'
1489 4942 1720 5015 ibiilorenb'bua',
1731 4940 1791 5005 sid
1805 4938 1951 4999 &man
1969 4937 1988 4997 1.
1997 4936 2015 4997 l.
2035 4957 2064 5014 p.
2076 4936 2132 4999 431
2149 4958 2225 5021 seqq.

649 5036 1731 5126 13...)5ωιιιιΙΙΧΙ”1,5,3,ιο11.1.,3ΜιΙΙιΙὶιΜΙΜ

691 5148 733 5220 11)
753 5148 863 5207 Josaars.
876 5141 964 5203 deB.
979 5144 1026 5211 J.
1035 5143 1064 5213 1,
1082 5141 1121 5212 7,
1136 5137 1166 5201 7.
1256 5202 1260 5211 ,
1431 5142 1474 5229 15)
1496 5140 1612 5201 Centau.
1634 5138 1753 5209 Collati..
1767 5136 1854 5217 pl
1874 5141 1902 5198 cl
1921 5134 2048 5197 Exarsit.
2051 5136 2145 5216 ,..pe

690 5247 733 5325 16)
753 5246 863 5309 Jossra.
881 5248 965 5307 Ano.
987 5243 1065 5317 le,
1083 5243 1119 5315 5,
1140 5241 1174 5317 b,
1194 5243 1228 5304 ds
1240 5244 1280 5305 B.
1294 5242 1330 5305 J.
1349 5242 1375 5303 l.
1395 5242 1425 5303 8.
1440 5243 1470 5304 5.
1490 5238 1730 5314 retentent,
1740 5234 1849 5317 9·th
1889 5296 1892 5321 ,
