5467 6500
1339 792 1642 883 ...er-

653 988 866 1071 &estesse
889 984 946 1055 ssd
967 1001 1092 1056 tontum
1117 983 1266 1056 Uolesos
1287 994 1426 1054 eeteros
1456 990 1496 1051 in
1524 984 1769 1058 Palaestinen
1792 991 1944 1061 srr'sa'sse.
1991 986 2096 1079 tttupt
2105 1016 2116 1069 ·,
2140 1000 2179 1057 ιιι
2200 988 2242 1065 ll.
2264 1014 2343 1065 con·

656 1111 784 1190 tendit,
802 1132 840 1177 er
861 1112 974 1177 misse
991 1082 1131 1176 colonici
1149 1128 1215 1173 non
1235 1107 1403 1194 sequitur,
1424 1126 1536 1193 neque
1550 1106 1634 1174 offici
1656 1117 1764 1196 potest
1782 1128 1821 1173 er
1844 1106 1970 1184 serbis.
1998 1104 2145 1179 Gelonos
2167 1110 2345 1180 Medores

656 1207 783 1348 bend*
806 1236 865 1347 Ἢ.
892 1235 1007 1329 nm,
1031 1227 1108 1316 quis
1131 1224 1245 1293 Gentis
1269 1232 1397 1313 parte,
1422 1244 1505 1311 quoe
1529 1224 1727 1313 significetur
1754 1223 1918 1293 vocubulis
1941 1197 2066 1305 58⁸1&
2085 1234 2168 1325 ⁹22,
2192 1226 2270 1295 olim
2287 1228 2345 1295 eb·

590 1331 598 1353 ’
657 1374 775 1454 ductu,
799 1394 835 1439 uc
858 1373 967 1440 multis
982 1370 1129 1437 millibus
1151 1364 1281 1457 gladio,
1305 1365 1435 1434 iemoet
1454 1368 1578 1456 inopld,
1600 1366 1946 1448 seleucensibus,
1970 1383 2044 1439 ente
2064 1373 2258 1453 consumtis,
2271 1394 2345 1463 sps·

657 1496 740 1562 tium
768 1493 927 1560 sufficiens
956 1491 990 1557 in
1018 1490 1103 1553 terri
1128 1497 1218 1563 eret,
1248 1482 1335 1574 quod
1361 1484 1477 1553 coloni
1500 1500 1707 1575 occuparent.
1730 1524 1777 1541 -
1795 1488 1875 1555 sta
1898 1486 2047 1553 Leonum
2066 1508 2229 1557 numerus
2245 1510 2344 1581 porro

658 1611 812 1681 »ibidem
831 1630 1026 1701 magnopere
1045 1606 1183 1675 increvit
1189 1607 1227 1683 ,”
1250 1604 1297 1669 eit
1311 1616 1442 1683 noster,
1468 1603 1579 1693 ›rquod
1597 1609 1742 1671 omns'rsm
1753 1602 2005 1673 lsraelem
2024 1602 2252 1675 abductionem
2271 1628 2345 1675 seue

658 1756 682 1798 rr
692 1730 861 1800 confirmet
871 1731 906 1817 ¹’.'
915 1729 1087 1794 -Veruur
1098 1723 1212 1793 exinde
1225 1735 1350 1790 tuntum
1361 1737 1496 1813 apparet
1506 1734 1638 1791 tes-rom
1655 1728 1785 1792 s‘ncola's
1797 1748 1864 1791 uon
1879 1724 1982 1792 valde
1992 1726 2248 1815 frequentatam
2258 1748 2345 1797 esse.

657 1850 742 1918 Vere
755 1850 797 1917 ld.
818 1846 984 1927 observat,
1005 1846 1118 1933 2lleg.
1130 1842 1223 1911 xvn
1245 1842 1366 1909 nullum
1389 1842 1681 1922 necessitudinis,
1706 1864 1795 1934 ptrue
1820 1842 2008 1912 Israelitis
2026 1850 2065 1911 s‘n
2086 1850 2188 1913 terrei
2208 1847 2345 1912 relictis

658 1990 733 2036 cem
769 1967 912 2036 Gelonis
940 1966 1206 2047 intercesserit,
1221 1962 1418 2027 mentionem
1445 1962 1562 2028 luctum
1592 1984 1670 2031 esse.
1727 1960 1791 2029 Sed
1812 1983 1889 2029 uum
1910 1960 2032 2027 idcirco
2050 1963 2254 2030 statuendum
2276 1976 2345 2042 est,

654 2088 791 2153 nothos
812 2084 931 2163 luisse,
961 2080 1133 2171 nullosque
1152 2078 1316 2146 israelites
1336 2078 1474 2168 emplius
1497 2078 1595 2145 luisse
1623 2080 1834 2170 superstites?
1882 2080 2069 2148 Verosimile
2088 2094 2157 2160 est,
2181 2102 2345 2151 commer-

658 2206 745 2275 cium
769 2202 939 2292 Indigenas
955 2202 1042 2267 inter
1060 2211 1093 2265 et
1113 2197 1252 2265 (lolonos
1267 2196 1409 2287 primum
1425 2219 1490 2265 uon
1511 2198 1608 2265 fuisse
1627 2198 1793 2287 frequens.
1839 2196 1882 2267 lli
1899 2197 2050 2265 ridentur
2066 2200 2266 2288 potissimum
2287 2222 2348 2267 ur·

658 2327 715 2391 bes
747 2321 901 2413 quasdem
929 2318 1003 2385 ante
1032 2339 1155 2385 eversas
1173 2317 1376 2396 restituisses
1404 2314 1608 2383 Samariam
1630 2318 1785 2395 tortasse,
1809 2314 2059 2407 Scythopolis,
2082 2317 2177 2397 sliam
2204 2339 2242 2383 so
2263 2318 2345 2385 riam

655 2454 848 2513 monstrasse
873 2424 946 2505 aliis
969 2438 1093 2504 deteris
1114 2434 1166 2523 (ac
1184 2446 1296 2525 postea
1318 2436 1450 2504 Graecis
1469 2435 1698 2526 praesertim),
1724 2433 1782 2523 qui
1805 2432 1956 2523 deinceps
1984 2458 2021 2501 or
2039 2436 2137 2502 seriis
2160 2449 2264 2503 terroe
2283 2438 2348 2503 trs·⁴

657 2561 764 2628 ctibus
780 2582 819 2627 eo
841 2580 875 2624 se
897 2556 1095 2623 conferrent.
1139 2554 1257 2621 Porum
1275 2567 1383 2622 eutem
1401 2552 1436 2621 hi
1453 2554 1618 2644 Peregrini
1637 2550 1804 2643 indigeres
1824 2574 1951 2619 curasse
1969 2552 2137 2632 ridentur,
2149 2556 2204 2644 qui
2220 2577 2304 2621 rnre
2315 2566 2348 2622 et

657 2682 692 2747 iu
711 2681 822 2766 pagis
840 2676 976 2743 mxime
997 2672 1198 2743 hebitebeut.
1245 2674 1332 2761 Quos
1353 2674 1507 2765 quoniam
1536 2673 1585 2739 illi
1604 2670 1822 2763 spernebant,
1848 2674 1934 2763 ipsos
1960 2672 2059 2739 iidem
2082 2674 2115 2739 iu
2140 2675 2285 2741 erutione
2307 2674 2348 2741 sd

657 2793 819 2871 ludaeos,
831 2791 1064 2881 etiullpistoli
1084 2793 1124 2857 ad
1136 2794 1256 2879 Regem
1273 2792 1441 2859 Persarum
1462 2792 1547 2879 (lior.
1563 2791 1623 2874 IV)
1637 2838 1647 2869 ‚
1661 2790 1789 2857 silentio
1806 2790 1970 2861 omittunt.
2018 2790 2107 2859 llaec
2128 2792 2154 2859 si
2175 2805 2348 2873 tenentur,

654 2927 692 2983 et
710 2908 888 3003 probabilis
908 2908 1137 2998 ludigeuerum
1160 2905 1341 2981 conditioni
1359 2906 1537 2975 attenditur
1549 2956 1559 2989 ,
1573 2907 1699 2973 tollitur
1710 2906 1857 2995 [dubium
1876 2908 1968 2979 obli.
1987 2930 2060 2976 mox
2077 2923 2214 2981 motum.
2251 2934 2273 2977 >r
2285 2912 2345 2991 si.

659 3057 683 3101 s>
698 3030 855 3121 (inquit),
889 3028 1054 3096 israelitae
1079 3027 1334 3119 superfuissent,
1372 3026 1407 3093 hi
1431 3048 1505 3093 suos
1534 3024 1689 3093 hebentes
1718 3024 1929 3107 Sacerdotes,
1960 3046 1999 3092 eo
2028 3048 2115 3094 suam
2154 3029 2215 3118 ipsi
2252 3027 2347 3096 Reli-r
2467 3050 2472 3057 ·

659 3152 822 3241 ›rgionem
844 3147 897 3215 rel
921 3145 1036 3214 leviter
1056 3157 1305 3235 cognoscentes,
1329 3144 1468 3213 Colonos
1493 3144 1620 3214 erudire
1642 3145 1834 3237 potuissent.
1892 3144 1936 3215 lli
1960 3156 2070 3213 eontra
2099 3147 2180 3239 Regi
2204 3151 2351 3239 Assyrio·

660 3293 769 3338 »rum
790 3267 1016 3345 declararunt,
1042 3263 1175 3332 cultum
1198 3262 1425 3352 indigenarum
1450 3285 1483 3332 re
1511 3285 1640 3354 prorsus
1660 3265 1809 3356 ignorare
1827 3264 1897 3354 (lli
1921 3301 1968 3322 ·-
1992 3266 2245 3357 ttjsaoerdous
2268 3269 2349 3336 ade·-

659 3389 803 3458 rantnel
826 3410 867 3453 on
888 3385 1018 3476 potius,
1049 3382 1238 3473 primarium
1257 3382 1365 3450 locum
1389 3383 1423 3450 in
1446 3385 1648 3475 captivorum
1677 3384 1813 3452 numero
1840 3383 1935 3473 uulgo
1960 3396 2128 3466 tenentes,
2154 3407 2267 3455 omnes
2286 3389 2351 3456 ab·

660 3508 751 3580 ducti
768 3505 883 3573 erent?
931 3505 993 3582 tu,
1012 3503 1039 3567 si
1055 3501 1166 3568 lehres
1186 3501 1374 3568 Sacerdotes
1393 3503 1584 3590 s'nsers'css's
1602 3504 1733 3567 classis
1748 3500 1981 3580 remanserint,
2006 3525 2084 3572 num
2104 3503 2260 3572 credibile
2282 3517 2349 3588 est,

659 3623 931 3713 iistemporibus‚
954 3617 1072 3708 quibus
1093 3617 1247 3684 (lentium
1264 3617 1384 3697 Sacra,
1408 3630 1483 3683 onte
1503 3639 1521 3682 a
1542 3618 1653 3684 multis
1668 3619 1737 3705 jum
1759 3618 1939 3699 oalebratn,
1968 3619 2067 3686 Cultu
2087 3621 2280 3690 colonorum
2302 3627 2353 3691 ie-

661 3754 777 3825 reute,
801 3735 1069 3813 reflorescelrout,
1091 3735 1186 3802 illum
1212 3733 1333 3805 Jahres
1357 3733 1491 3802 Cultum
1520 3735 1561 3802 sb
1585 3735 1624 3802 iis
1653 3732 1880 3822 Sauerdplibus
1903 3737 2062 3826 integrum
2075 3737 2233 3808 serratum
2251 3745 2350 3810 esse?

664 3864 769 3953 liujus
789 3857 904 3927 uetitis
924 3857 959 3923 in
983 3855 1087 3924 (iente
1106 3853 1237 3924 indocti
1265 3855 1333 3921 sine
1357 3851 1458 3920 dubio
1490 3853 1537 3920 its
1557 3852 1664 3920 tenuis
1688 3865 1722 3920 et
1753 3852 1942 3946 imperfecte
1968 3857 2054 3937 fuit,
2079 3871 2115 3926 ut
2138 3883 2202 3926 nou
2225 3863 2353 3943 sufficeq

661 3997 714 4053 ret
733 3973 1031 4058 eliis-erudiendis,
1053 3985 1087 4042 ct
1105 3996 1182 4042 roro
1200 3974 1334 4042 minime
1346 3971 1459 4041 uultui
1474 3970 1687 4042 restruendo.
1734 3971 1825 4060 Quod
1845 3985 1882 4040 ut
1899 3976 1961 4042 rite
1978 3997 2015 4042 ac
2031 3977 2217 4048 sollenniter
2234 3979 2349 4062 uersu

663 4099 818 4172 Sacerdos
839 4093 971 4164 aliunde
1003 4092 1208 4160 commendes
1227 4104 1319 4173 mot,
1344 4093 1426 4181 qui,
1450 4091 1573 4180 majore
1602 4088 1751 4158 doctrici
1779 4092 1956 4161 instructus
1969 4143 1979 4175 ,
2002 4107 2036 4163 et
2068 4099 2259 4168 auctoritate
2278 4099 2351 4168 eliis

663 4220 807 4310 superior
825 4227 919 4284 esset.
964 4212 1026 4281 Hie
1049 4221 1177 4279 tentum
1205 4207 1338 4277 Cultum
1361 4209 1547 4300 neglectum
1570 4222 1773 4289 restaurare,
1796 4231 1934 4300 eumque
1954 4225 2167 4282 restauratum
2186 4219 2271 4286 lueri
2290 4239 2351 4309 po·

663 4350 769 4414 teret,
790 4347 822 4402 et
842 4332 1033 4400 vindicare..
1064 4329 1278 4398 Miserrimum
1295 4328 1383 4396 euim
1405 4327 1504 4394 luisse
1516 4339 1588 4417 post
1596 4327 1746 4420 lleguum
1759 4349 1905 4396 eversum
1926 4329 2011 4397 inter
2030 4332 2190 4401 lsrsilitus
2203 4334 2352 4424 Religio·

666 4458 717 4523 uis
735 4450 958 4520 conditionem
970 4495 981 4527 ,
993 4446 1219 4514 erricinorum
1229 4447 1381 4514 Gentium
1392 4445 1490 4514 Cultu
1508 4458 1641 4538 uppuret
1652 4494 1663 4527 ‚
1675 4447 1784 4515 Josiae
1805 4457 1909 4514 estote
1928 4447 2011 4516 laete
2031 4449 2184 4520 intereos
2207 4454 2349 4541 rigente.

666 4568 891 4663 lluno‚longe
913 4566 1040 4656 lateque
1055 4587 1127 4658 per
1143 4565 1243 4630 urbes
1263 4563 1453 4650 Samariae
1471 4579 1703 4657 propagatum,
1721 4567 1786 4634 Iler
1808 4566 1982 4665 exstirpare
2002 4569 2153 4640 studebat
2173 4569 2245 4660 (2),
2271 4573 2351 4666 quin

668 4680 736 4760 imo
751 4709 852 4759 orces
865 4683 1026 4752 Bethels's
1042 4705 1116 4750 cum
1136 4688 1230 4752 omni
1247 4691 1428 4776 apparatu
1447 4683 1623 4755 devastarit
1640 4683 1705 4778 (³).

710 5000 754 5079 (ι)
774 4999 877 5082 eug.
897 4995 1057 5060 umes.
1145 4952 1148 4958 ¹
1221 4993 1266 5074 (2)
1288 4943 2027 5078 surg.xx111.19,·2'u;tenesmum.
2321 5037 2350 5088 ·.

710 5102 753 5177 (3)
774 5099 994 5182 ursegxxm·
1012 5095 1138 5160 15-18.
1169 5098 1241 5162 Cum
1260 5099 1303 5162 lris
1319 5101 1512 5168 conterantur.
1524 5120 1594 5182 quse
1611 5100 1759 5164 erursu
1775 5101 1811 5164 ds
1825 5101 1980 5168 conditione
1997 5103 2094 5168 Culldr
2111 5103 2183 5168 inter
2198 5105 2354 5184 ementitos

669 5199 822 5279 unetos,
842 5207 870 5265 et
888 5198 1004 5265 colona
1021 5199 1135 5264 adrsuas
1154 5199 1324 5281 observarit,
1345 5192 1397 5265 l.l.
1417 5221 1446 5284 p.
1462 5197 1632 5264 366-368.
