5467 6500
1062 855 1135 876 -
1184 819 1252 894 tel
1299 853 1381 880 -··

388 1025 441 1091 tia
463 1023 640 1112 repetitura
662 1015 695 1079 in
716 1009 924 1080 Palaestinam
948 1006 1115 1086 reditum,
1141 1008 1239 1074 Liber
1258 1006 1398 1084 losuae,
1419 1004 1484 1101 sed«
1491 1028 1677 1097 perperam,
1703 1007 1801 1075 tradit
1823 1009 1885 1096 (1).

431 1138 632 1208 Hadrianus,
649 1142 685 1196 ut
706 1137 852 1202 careret,
874 1145 917 1190 ne
933 1122 1048 1190 ludaei
1060 1122 1247 1189 seditionem
1266 1143 1373 1188 rursus
1389 1123 1597 1202 molirentur,
1622 1123 1789 1190 consilium
1812 1128 1885 1192 iniit
1898 1124 2043 1198 ludaeo-

387 1278 460 1322 rum
473 1249 628 1339 ¹(lolonias
650 1265 688 1312 os
707 1243 781 1308 tut
803 1242 835 1306 in
856 1261 925 1304 orsa
943 1237 1071 1306 Africae
1094 1237 1353 1326 septentrionales
1374 1236 1545 1314 mittendit
1571 1236 1632 1303 boc
1654 1260 1748 1314 raro,
1782 1243 1857 1328 quia
1880 1266 1988 1331 pratea
2009 1248 2040 1312 ei

386 1373 434 1436 rei
456 1359 666 1456 perficiendae
681 1357 882 1424 difficultates
893 1351 1082 1430 obstabant,
1104 1351 1223 1438 abjecit
1233 1353 1305 1436 (2),
1322 1372 1360 1416 ac
1370 1352 1392 1419 J
1396 1351 1510 1418 udeecs
1522 1353 1628 1438 potius
1647 1374 1718 1420 cum
1732 1355 1863 1444 reliquis
1886 1359 2041 1428 Gentibus
2177 1367 2180 1376 '

387 1487 503 1551 arctius
536 1477 726 1562 conjungere
757 1471 892 1539 studuit.
932 1467 977 1533 lis
997 1487 1094 1554 ergo,
1124 1487 1165 1530 ue
1185 1466 1226 1530 ab
1248 1465 1297 1530 bis
1312 1466 1448 1553 amplius
1464 1487 1496 1530 ee
1514 1463 1761 1554 distinguerent,
1792 1468 2043 1542 circumcisionis

387 1603 436 1666 uis
455 1615 548 1662 usum
564 1585 739 1656 interdixit.
782 1585 987 1657 Moverunt,
1009 1579 1222 1646 snsnmsus
1237 1579 1343 1668 inquit
1355 1580 1424 1665 (3),
1443 1583 1486 1645 ed
1496 1589 1692 1669 tempestate
1701 1591 1734 1644 et
1750 1581 1882 1650 ludaei
1898 1586 2043 1668 tertam,

388 1706 687 1802 quodeetoloniur
703 1699 866 1764 mutilare
872 1696 1116 1784 genimim-
1128 1693 1307 1762 castratio
1318 1697 1404 1760 enim
1427 1695 1483 1760 hic
1501 1696 1639 1783 intelligi
1650 1699 1759 1785 nequit
1769 1746 1779 1777 ,
1801 1721 1896 1789 quam
1909 1699 2044 1770 ludaei

386 1849 450 1894 uon
464 1819 684 1890 instituebant.
718 1815 882 1880 Praeterea
900 1811 1080 1877 Antoninus
1091 1809 1164 1874 Pius
1184 1808 1338 1876 Hadriani
1351 1809 1558 1876 interdictum
1576 1814 1753 1890 revocarit,
1779 1816 1900 1892 sinens,
1922 1829 1959 1882 ut
1970 1822 2043 1884 cir·

388 1932 701 2007 cumulato-ludaeis
720 1925 896 1995 infantibus
913 1922 1188 1990 administraretur
1211 1924 1274 2008 (1).
1320 1922 1510 1990 Samaritani
1541 1927 1616 1991 item
1640 1927 1673 1990 in
1695 1927 1792 1992 Libro
1814 1931 1930 1996 losuae
1959 1951 2040 2020 que·

388 2067 525 2129 runtur,
547 2049 682 2116 vetuisse
701 2044 881 2122 Romanoa,
898 2040 1066 2126 quominus
1084 2038 1202 2104 liberos
1223 2037 1507 2116 circumciderent,
1532 2051 1564 2104 at
1579 2039 1740 2106 Hadriano
1759 2042 1918 2130 imputant
1941 2045 2040 2112 abre·

389 2173 548 2260 petionem
576 2162 755 2250 Baptirate'
776 2151 1078 2240 (Proselytoruml)‚
1104 2149 1271 2218 Sattattt·
1289 2164 1321 2216 et
1340 2152 1531 2218 Festos-um.

430 2279 631 2348 Judaenum
649 2273 818 2341 seditiones
838 2266 1016 2336 Hadrianus
1027 2278 1225 2355 praevertere
1239 2265 1316 2331 item
1327 2265 1471 2342 studuit,
1487 2269 1574 2332 cousi
1594 2279 1735 2334 veterum
1746 2269 2041 2358 Hierosolymorum

395 2399 468 2462 loco
499 2393 580 2458 serbe
602 2386 797 2463 condenda,
831 2405 925 2472 quam
947 2383 1022 2460 lori
1049 2378 1223 2469 capitolino
1247 2393 1405 2456 sacraret,
1439 2393 1471 2448 et
1499 2381 1573 2446 solie
1596 2382 1721 2452 Grnecis
1742 2396 1774 2448 et
1802 2386 1951 2452 Romanis
1977 2388 2042 2453 irc·

389 2491 579 2600 quentaret,
611 2525 648 2570 ac
670 2524 726 2569 suo
755 2512 788 2566 et
806 2499 896 2565 loris
917 2495 1082 2587 capitolini
1101 2495 1228 2560 nomine
1257 2495 1432 2582 insigniret.
1477 2495 1581 2581 Hujus
1600 2496 1723 2565 consilii
1744 2498 1930 2584 perficiendi
1956 2499 2042 2568 haud

390 2631 436 2694 ita
452 2623 554 2690 multo
575 2633 648 2707 post
665 2617 795 2682 initium
817 2614 917 2689 iecit,
945 2632 983 2678 ac
1005 2610 1092 2675 brevi
1119 2620 1262 2696 tempore
1284 2606 1396 2674 urbem
1419 2608 1653 2695 quodammodo
1670 2613 1821 2678 restituit.
1865 2614 1937 2680 Non
1956 2618 2041 2682 euim

388 2742 465 2806 urbs
486 2741 649 2803 uniuerso
672 2731 830 2796 dorestate
849 2726 990 2812 J'aoebat.
1041 2719 1149 2809 Usque
1173 2721 1225 2787 ad
1246 2719 1496 2800 Hadrianum,
1527 2724 1744 2792 llt'daottuue
1778 2727 1884 2814 inquit
1905 2729 1978 2815 (5),
1997 2767 2043 2784 -
2106 2803 2109 2810 ⁴

383 2865 452 2946 per
469 2857 516 2920 50
533 2869 643 2916 anuos
663 2863 819 2911 mansere
838 2841 1021 2928 reliquiae.
1066 2838 1132 2903 Has
1149 2838 1326 2928 Imperator
1345 2839 1436 2903 noris
1453 2836 1605 2903 aedificiis
1625 2838 1795 2934 condendis
1806 2862 1987 2922 exornasse,
2009 2858 2044 2911 et

388 2967 592 3038 munimentis
611 2957 772 3028 nonnullis
783 2957 893 3022 urbem
903 2956 1034 3020 cinxisse
1055 2950 1180 3017 ridetur
1203 2949 1267 3037 (6).
1287 2947 1376 3038 Opus
1396 2965 1499 3018 tamen
1520 2953 1703 3020 inchoatum
1717 2956 1885 3042 quominus
1896 2958 2043 3026 absolve·

388 3101 458 3160 ret,
483 3079 648 3169 impedivit
667 3075 801 3162 repetita
823 3069 1019 3138 ludaeorum
1036 3065 1173 3141 seditio,
1195 3084 1290 3150 quam
1310 3065 1490 3132 Hadrianus
1511 3069 1557 3142 sic
1577 3068 1698 3155 agendo
1718 3073 1785 3159 ipso
1807 3089 2041 3162 provocaverat.

389 3201 474 3275 ltin,
497 3195 552 3261 sed
570 3191 675 3264 olam,
699 3187 777 3253 baec
792 3182 904 3249 seditio
916 3194 990 3248 ante
1007 3188 1116 3270 parata
1135 3177 1211 3246 iuit.
1256 3167 1355 3242 Arma
1370 3178 1393 3245 J
1396 3177 1508 3263 udaei,
1528 3195 1736 3250 mercaturam
1758 3186 1929 3270 incientes,
1948 3190 2041 3261 facile

386 3317 605 3399 congesserant
628 3302 690 3388 (7).
737 3298 896 3386 Quamdiu
915 3318 989 3366 sero
1010 3297 1187 3385 Imperator
1209 3294 1242 3358 in
1254 3294 1429 3360 Palaestini
1447 3297 1579 3384 ejusque
1600 3300 1716 3365 sicinii
1728 3300 1885 3390 degebat,
1908 3305 1957 3373 his
1976 3295 2039 3373 nou

389 3430 436 3493 usi
456 3435 539 3489 sunt.
585 3420 648 3485 Sed
669 3419 721 3483 rix
742 3418 797 3481 ille
821 3413 987 3479 anno‘ldl
1009 3413 1041 3475 in
1056 3410 1202 3494 Syriam,
1225 3419 1258 3473 ct
1278 3408 1352 3473 inde
1375 3410 1409 3474 in
1430 3406 1637 3478 Occidentem
1661 3412 1801 3494 abierat,
1825 3421 1902 3507 quin
1920 3420 2041 3487 bellum

389 3541 526 3614 exarsit,
550 3555 632 3599 anuo
654 3532 803 3597 nimirum
829 3530 891 3594 tet
907 3526 971 3612 (8).

431 3652 547 3720 ludaei
572 3651 610 3715 ai
634 3658 736 3714 aetate
761 3645 907 3714 babuisse
931 3640 1076 3707 ridentur
1097 3638 1323 3727 Sunedre'uss,
1347 3638 1452 3728 qnod,
1477 3638 1551 3708 Tito
1570 3658 1747 3724 annuente,
1763 3660 1834 3735 post
1855 3648 2039 3737 Hierosoly·

389 3788 515 3835 morum
541 3764 736 3830 eversionem
762 3758 940 3827 Iomnium
971 3756 1179 3833 caestuum,
1210 3768 1367 3845 potestate
1395 3754 1550 3823 derebus
1578 3763 1696 3825 sacris
1723 3760 1888 3847 judicandi
1918 3766 2040 3831 instru-

389 3898 498 3956 ctum,
531 3889 563 3943 et
589 3872 789 3942 Patriarebae
804 3872 914 3959 judaei
934 3872 1116 3938 auctoritati
1137 3871 1317 3958 subjectum
1340 3870 1451 3940 luerit.
1495 3872 1677 3939 Patriarcbe
1708 3874 1842 3943 Scbclae
1863 3880 2041 3948 tiberiensi

393 4076 632 4105 *ιι-*Ι

429 4234 473 4306 (1)
493 4229 645 4290 Hadrianus
666 4245 762 4306 nempe
780 4224 1026 4301 Hierosolymorum
1045 4223 1174 4286 obsidioni
1191 4224 1246 4301 ipse
1266 4221 1398 4296 edicius,
1421 4228 1448 4283 at
1466 4221 1562 4284 deinde
1583 4223 1618 4284 ad
1632 4224 1811 4288 Samaritm
1827 4230 1975 4307 puniendos
1994 4252 2041 4295 ra·

391 4330 468 4389 el‘n'asa
485 4329 594 4387 dieitur.
640 4324 675 4385 ln
694 4323 904 4385 miscemus
918 4321 1109 4383 Liber-iosuae
1127 4340 1190 4383 eum
1208 4320 1397 4382 Habbinorutn
1415 4320 1495 4381 dietis
1511 4323 1642 4383 consentit
1662 4322 1804 4398 (uuam,
1821 4327 1998 4409 (83111),
2015 4338 2043 4391 at

390 4448 455 4489 eum
465 4421 792 4491 Cbmaicoalamadriao,
802 4420 979 4500 sirepasebali
989 4420 1170 4498 idioma,p.
1181 4418 1242 4496 70).
1252 4418 1544 4499 atquammcbronieo
1552 4420 1759 4482 armanellosrs
1770 4422 1953 4491 croatensem
1963 4428 2040 4501 [ibid.

391 4524 491 4604 (1101
505 4524 584 4603 ιη).
623 4519 727 4579 Harum
747 4518 1002 4597 mptum
1016 4516 1171 4579 maso
1186 4524 1305 4598 lamporo
1320 4519 1349 4579 iu
1374 4518 1452 4581 lhlii
1472 4518 1621 4598 Imperator
1640 4520 1741 4583 marat.
1781 4522 1886 4585 Helium
1901 4526 2041 4602 jotrum

387 4643 442 4700 par
459 4622 578 4700 logum
592 4618 673 4698 gessit
689 4615 768 4693 (ibid.
781 4614 882 4693 (111).
1262 4604 1270 4614 ’
1321 4616 1364 4693 (1)
1384 4617 1511 4677 Horma.
1530 4614 1586 4687 11,
1605 4616 1682 4695 (131
1701 4638 1757 4697 seq.

435 4720 479 4793 (3)
497 4718 595 4777 Seaar.
610 4716 640 4775 ts
655 4712 798 4772 Hudrt‘ea·
811 4728 838 4769 e.
851 4710 898 4773 11.
1319 4716 1366 4791 (1)
1386 4715 1508 4774 liutran.
1524 4712 1584 4785 11,
1600 4735 1625 4792 p.
1638 4713 1676 4773 36
1695 4734 1761 4796 seq..
1778 4723 1804 4778 st
1825 4718 1864 4779 99
1875 4740 1930 4799 seq.

433 4817 477 4888 ts)
497 4813 627 4889 lanist-
643 4806 866 4879 odilardum,
886 4808 955 4887 0)).
967 4808 1141 4874 «11111111.
1154 4808 1199 4889 11,
1218 4812 1325 4892 (1610.
1352 4810 1614 4873 tttd.tsm1nat
1627 4812 1724 4873 Eous.
1734 4816 2043 4895 mumanaput,

393 4916 533 4975 Romamn
550 4906 671 4975 Pal-ll,
690 4903 800 4983 (1198,
820 4912 849 4965 at
862 4906 978 4969 Horma
992 4906 1056 4979 11,
1072 4907 1159 4985 ubil.

295 5000 300 5009 ’
434 5010 479 5092 (6)
499 5004 690 5076 blumbi,
705 5002 870 5082 pil-ll.
1031 5002 1077 5083 (7)
1095 5003 1212 5067 luant
1223 5003 1280 5076 11,
1300 5022 1329 5081 p.
1340 5002 1386 5063 13.
1549 5006 1591 5084 (8)
1613 5005 1728 5157 Hurrpa
1748 5004 1804 5080 11,
1821 5006 1907 5084 pls.

1673 5102 1686 5157 1
1716 5106 1729 5137 t
