5467 6500
411 1044 521 1121 postea
541 1029 700 1097 theatrum
724 1026 856 1094 luerunt
876 1043 972 1114 quam
988 1023 1178 1101 diutissimo,
1224 1026 1298 1115 Ipse
1314 1028 1434 1095 Jabres
1458 1024 1593 1109 Gultus,
1618 1052 1635 1095 a
1658 1030 1852 1120 primigenii
1879 1028 1992 1099 Gultus
2017 1016 2093 1098 mo·

412 1151 491 1214 saici
503 1147 709 1237 simplicitate
720 1147 800 1213 adeo
815 1147 884 1233 jam
906 1144 1135 1233 degeneratus,
1154 1147 1331 1234 graviorem
1352 1151 1472 1227 etiarn,
1494 1170 1595 1238 qaum
1616 1173 1633 1215 a
1652 1149 1782 1217 Gelonis
1802 1166 1882 1219 esset
1902 1152 2091 1241 adoptatus,

412 1290 449 1333 er
468 1265 630 1332 connubio
650 1288 725 1331 cum
740 1267 882 1355 ipsorum
895 1262 1021 1343 Sacris,
1041 1265 1280 1352 corruptionem
1302 1267 1473 1335 contraxit.
1508 1270 1596 1353 Quae
1617 1291 1710 1335 causa
1731 1272 1831 1338 luerit
1845 1321 1853 1349 ,
1866 1283 1901 1337 ut
1918 1270 2094 1349 multorum

408 1383 627 1459 israelitarum
644 1384 758 1451 melius
778 1383 972 1473 sapientium
983 1373 1082 1448 animi
1097 1432 1106 1460 ,
1119 1406 1138 1447 a
1149 1382 1248 1449 Gultn
1260 1383 1455 1450 Proarerum
1467 1388 1568 1477 tnagis
1580 1389 1613 1452 in
1632 1387 1699 1457 dios
1712 1390 1841 1455 alienati
1855 1440 1863 1469 ,
1878 1412 1950 1455 curn
1962 1389 2097 1457 Judaeis

408 1501 518 1589 potius
536 1526 570 1568 se
588 1503 825 1589 conjunxerint.
857 1503 907 1569 ln
917 1502 988 1587 jam
1002 1499 1122 1589 duplex
1137 1500 1282 1566 studium
1302 1502 1335 1566 in
1348 1501 1459 1591 llcgno
1474 1505 1601 1573 israelis
1621 1520 1693 1575 ante
1711 1511 1941 1598 conspicuum,
1956 1509 2097 1575 alterum

339 1611 344 1622 '
404 1620 767 1711 peregre'uo,alterum
778 1616 1031 1710 patrioGultui
1051 1618 1160 1686 ferens
1171 1667 1182 1699 ,
1201 1642 1259 1709 per
1275 1618 1473 1689 Golouornm
1485 1624 1658 1693 adventurn
1678 1629 1783 1693 acrius
1795 1629 1974 1695 ¹excitatum
1990 1678 1999 1706 ‚
2018 1628 2094 1693 effe-

408 1741 472 1817 cit,
497 1751 533 1804 nt
559 1740 643 1807 Gens
664 1738 910 1807 samaritanain
936 1736 1015 1805 duas
1036 1737 1139 1805 veluti
1157 1751 1262 1828 partes
1283 1740 1414 1822 tandem
1444 1742 1665 1825 scinderetur,
1695 1768 1829 1835 quarum
1857 1768 1932 1835 pars
1961 1746 2096 1813 inferior

406 1860 547 1947 primurn
567 1856 661 1925 latuit
682 1859 715 1923 in
739 1857 840 1935 locis,
862 1856 1016 1935 aJndaei
1034 1853 1121 1923 haud
1136 1856 1253 1946 procul
1268 1861 1402 1927 remotis
1414 1860 1502 1939 ,ubi
1524 1864 1556 1929 in
1576 1868 1737 1932 montenis
1756 1863 1899 1931 Sicberni
1917 1864 2093 1942 tractibus,

407 1976 450 2041 ob
471 1978 628 2064 majorem
650 1977 720 2052 loci,
736 1977 944 2043 securitatem
970 1976 1096 2054 tutius,
1120 1988 1152 2043 et
1174 1977 1209 2041 in
1231 1998 1352 2043 secessu
1376 1979 1514 2047 vivebat.

343 2094 350 2099 ’
450 2097 488 2163 ln
509 2096 585 2162 alias
601 2119 652 2163 res
666 2096 766 2163 hocce
782 2116 859 2161 cum
872 2093 1003 2161 Gelonis
1018 2105 1050 2177 et
1070 2094 1196 2183 bitteris
1215 2097 1443 2163 commercium
1462 2120 1550 2165 suern
1573 2100 1649 2167 item
1663 2101 1727 2167 rim
1745 2100 1893 2167 exseruit.
1927 2100 1965 2165 ln
1985 2121 2094 2191 agro·

404 2237 480 2277 rum
499 2229 578 2302 puto
599 2217 795 2289 culturam,
821 2212 854 2278 in
875 2219 1130 2291 mercaturam,
1155 2215 1353 2302 artiumque
1383 2217 1548 2285 studium.
1604 2219 1691 2285 llaec
1713 2218 1798 2286 enim
1823 2218 1933 2307 Regno
1962 2217 2093 2307 ephrai·

405 2335 518 2398 mitico
539 2333 580 2397 ad
603 2333 700 2399 finem
721 2344 871 2416 uergente
899 2331 1108 2417 languentia,
1133 2330 1223 2397 breui
1244 2332 1362 2399 iterum
1385 2312 1559 2401 instaurata
1591 2352 1689 2415 sunt,
1715 2350 1750 2403 ut
1773 2338 1931 2425 conjicere
1958 2334 2033 2403 licet
2055 2360 2093 2403 er

404 2456 557 2541 prosperi
579 2452 784 2527 conditione,
810 2453 874 2538 qni
896 2452 981 2516 Gens
1001 2452 1189 2516 samaritane
1211 2451 1296 2518 baud
1322 2454 1366 2517 ita
1385 2456 1487 2521 multo
1512 2469 1583 2545 post
1604 2456 1785 2527 fruebatur.
1833 2455 1962 2523 Gelonis
1980 2468 2092 2523 aucto-

404 2574 495 2637 ribus
513 2572 546 2637 id
567 2572 755 2661 praesertim
779 2568 1000 2635 tribuendum.
1029 2571 1207 2657 Agrorum
1226 2573 1386 2637 culturae
1401 2575 1531 2661 insignis
1553 2574 1685 2662 quidem
1704 2576 1833 2639 larebat
1847 2573 1908 2639 soli
1923 2576 2092 2649 fertilitas,

404 2690 458 2757 sed
480 2691 694 2779 agriculturae
720 2690 836 2778 peritia
856 2687 893 2751 ad
911 2686 995 2753 hanc
1012 2686 1188 2773 jurandam
1205 2700 1236 2751 et
1256 2690 1506 2775 promerendam
1528 2692 1623 2757 simul
1644 2692 1868 2781 postulabatur
1880 2716 1888 2773 ;
1910 2694 1974 2781 qula
1997 2692 2092 2757 laude

404 2810 430 2875 si
451 2807 669 2884 lsradta'tae,
697 2808 821 2876 Geloni
842 2807 866 2871 ii
885 2804 1084 2893 potissimum
1114 2803 1347 2884 inclaruerunt.
1394 2810 1555 2899 Egregia,
1581 2833 1662 2901 quae
1683 2812 1837 2881 lsratilitis
1856 2832 1981 2903 semper
2006 2810 2090 2891 init,

404 2938 522 2997 terrae
549 2936 741 3017 prouentus
769 2926 839 3001 aliis
869 2923 1039 3001 uendendi
1072 2931 1340 3018 opportunitas,
1374 2928 1481 2997 statim
1516 2942 1588 3019 pest
1618 2930 1742 2997 sedatos
1770 2930 1951 3011 tumultus,
1986 2929 2092 2998 denuo

404 3046 596 3113 offerebatur
615 3047 679 3132 (l).
726 3044 794 3111 Nec
813 3044 910 3111 modo
932 3066 1007 3109 cum
1029 3023 1225 3112 Giritatibos
1252 3047 1443 3127 maritimis,
1463 3050 1661 3131 Palaestinae
1680 3050 1813 3139 ricinis,
1838 3050 1892 3121 sed
1914 3053 1955 3117 ob
1973 3053 2092 3117 arctio-

402 3188 472 3232 rem
490 3165 782 3243 necessitudinem,
808 3180 904 3254 quesn
925 3162 1092 3242 israelitae
1113 3176 1337 3231 contraxerant
1363 3188 1437 3233 curn
1467 3168 1644 3247 tractibus,
1674 3170 1706 3234 in
1728 3190 1809 3258 quos
1831 3170 1926 3237 multi
1949 3172 2092 3262 ipsorum

404 3286 518 3353 iratres
540 3285 675 3354 abducti
704 3297 817 3362 erant,
840 3297 872 3354 et
897 3306 994 3374 quarn
1022 3282 1140 3351 Geloni
1157 3304 1231 3350 cum
1253 3285 1360 3352 Patria
1379 3285 1570 3368 servabant,
1595 3297 1832 3359 commercium
1860 3313 1933 3358 curn
1956 3289 2091 3374 urbibus

402 3406 674 3494 Mesopotamiae,
695 3403 1194 3489 aayaiae,‚rtaoiaa,1²ersiaa,
1218 3404 1323 3468 multo
1345 3402 1566 3492 frequentius,
1581 3430 1677 3496 qnam
1700 3430 1852 3497 umquam
1873 3408 2098 3486 ante,erasit,

405 3525 548 3596 Artium
569 3520 688 3586 studio
716 3521 902 3605 praesertim
930 3519 1050 3602 Golord
1069 3495 1316 3588 enimusnosos
1339 3519 1544 3592 addiderunt.
1585 3525 1723 3613 ¹Magnos
1745 3549 1927 3615 progressus
1950 3526 2090 3615 Populi,

403 3667 441 3716 or
469 3641 587 3731 quibus
607 3639 631 3706 ii
648 3636 780 3707 deducti
801 3651 915 3716 erant,
940 3639 1118 3706 inertibus
1139 3651 1172 3706 et
1196 3639 1349 3707 doctrinis
1374 3640 1537 3723 fecerant,
1561 3643 1642 3710 adeo
1663 3654 1700 3712 ut
1728 3643 1779 3712 his
1808 3644 1950 3713 colendis
1970 3657 2092 3714 setores

402 3761 565 3833 Hebraeos
588 3760 683 3848 longe
699 3771 900 3848 superarent.
922 3795 967 3814 -
989 3759 1036 3825 tte
1059 3760 1110 3824 his
1132 3783 1208 3850 ergo
1230 3761 1360 3828 Gelonis
1384 3763 1515 3829 uberius
1535 3765 1604 3852 jam
1624 3788 1829 3854 exponamus.

448 3881 496 3947 Dc
518 3878 648 3945 Gelonis
669 3900 705 3944 ex
729 3879 845 3956 terris,
870 3881 903 3944 in
923 3899 1004 3968 quas,
1023 3879 1154 3946 casulas
1177 3904 1193 3945 a
1214 3881 1344 3969 Tiglatb
1367 3883 1508 3950 Pileaare
1531 3884 1663 3950 abducti
1686 3900 1796 3964 erant,
1826 3887 1858 3951 in
1882 3885 2091 3952 Palaestinam

402 3999 587 4098 translatis,
612 3997 701 4064 nullo
725 3997 928 4074 litmenti03
954 4011 1009 4074 et,
1040 4000 1066 4066 si
1093 4001 1156 4069 rim
1189 4011 1336 4068 tenemus
1357 4000 1549 4082 verberum,
1583 4003 1698 4091 quibus
1726 4002 1847 4068 bellum
1877 4003 2089 4079 describitur,

403 4119 490 4208 quod
519 4118 643 4205 Assyrii
664 4139 737 4185 cum
765 4138 876 4182 aarum
907 4130 1062 4184 terrarum
1095 4119 1210 4186 incolis
1233 4135 1423 4211 gesserunt,
1447 4117 1603 4186 credibile
1627 4133 1708 4200 est,¹
1726 4119 1784 4186 hos
1806 4120 1923 4210 partim
1948 4118 2090 4198 deletos,

401 4238 522 4330 partim
543 4238 668 4327 fugatos
688 4257 766 4302 esse.
814 4235 851 4304 ln
872 4236 944 4301 loco
963 4238 1116 4305 nimirum
1139 4241 1252 4330 anag.
1273 4241 1362 4310 xlx.
1381 4247 1418 4306 11
1440 4253 1473 4306 et
1492 4243 1553 4318 12,
1579 4239 1697 4306 collato
1716 4240 1784 4308 Jes.
1805 4237 1975 4308 xxxvtl.
1999 4239 2036 4304 ll
2059 4251 2092 4309 et

405 4361 469 4434 12,
502 4355 675 4422 Sanheribi
710 4355 821 4444 Legati
846 4355 948 4443 ipsias
974 4356 1104 4424 nomine
1134 4357 1173 4425 ed
1196 4359 1345 4449 Hisqiam
1371 4360 1417 4424 sic
1439 4357 1744 4429 dixisse-teruntur:
1777 4380 1853 4424 ecce
1880 4360 1958 4450 ipse
1982 4356 2090 4424 audi·

401 4479 508 4554 aisti,
532 4494 621 4561 quae
630 4472 790 4556 fecerint
810 4471 925 4561 Reges
948 4474 1126 4563 Assyriae
1149 4477 1300 4544 omuibus
1328 4481 1459 4557 terris,
1484 4487 1521 4542 ut
1542 4479 1666 4542 tarum
1690 4478 1826 4544 incolae
1850 4481 2092 4566 exstirparent

402 4564 662 4710 (ΕᾩἪιξῂ
687 4599 775 4656 etta
793 4613 872 4655 uum
889 4594 1011 4659 salvus
1029 4595 1223 4663 evaderes?
1257 4596 1346 4666 Nam
1366 4599 1428 4662 laos
1450 4599 1568 4662 salvos
1589 4595 1817 4662 reddiderant
1829 4595 1896 4662 Bs'r'
1910 4597 2086 4678 Gentium,

402 4760 504 4830 quum
525 4737 763 4829 perdiderant
786 4733 938 4850 (ιηὶιᾷ)
965 4739 1093 4805 Patres
1121 4746 1190 4807 mei
1219 4740 1395 4807 Gesacum
1427 4755 1489 4808 cet.
1546 4715 1659 4852 ltaque
1691 4739 1862 4808 verisimile
1891 4754 1939 4808 est
1965 4743 2087 4810 bellurn

402 4881 487 4954 istud
511 4885 726 4950 saevissimum
745 4893 778 4949 et
798 4883 1029 4950 atrocissimum
1054 4885 1162 4953 luisse.
1193 4844 1310 4977 'Regio
1333 4888 1374 4953 ab
1397 4889 1435 4954 iis
1457 4887 1613 4955 Gentibus
1632 4885 1834 4954 incolebatur
1856 4887 1974 4978 asperis
1996 4911 2090 4959 mon·

403 5005 490 5071 tibus
507 5003 575 5068 fere
597 5002 780 5079 inaccessa,
804 5004 897 5092 cujas
921 5027 959 5068 ea
972 5052 981 5081 ,
995 5016 1032 5068 ιιι
1052 5003 1432 5075 Nestorianorum'docet
1453 5007 1611 5086 Historia,
1631 5018 1683 5074 est
1701 5003 1864 5088 oondbie,
1890 5019 1926 5074 ut
1941 5005 2086 5083 incolae,

444 5233 486 5309 (l)
508 5229 655 5290 Bremia
678 5229 730 5305 ll,
750 5249 778 5310 p.
797 5230 857 5290 363
873 5251 945 5312 seqq.
966 5231 1025 5292 387
1035 5253 1112 5315 seqq·

1798 5333 1818 5396 5
