<?xml version="1.0" encoding="UTF-8"?>
<!DOCTYPE html PUBLIC "-//W3C//DTD XHTML 1.0 Transitional//EN"
    "http://www.w3.org/TR/xhtml1/DTD/xhtml1-transitional.dtd">
<html xmlns="http://www.w3.org/1999/xhtml" xml:lang="en" lang="en">
 <head>
  <title>
</title>
<meta http-equiv="Content-Type" content="text/html;charset=utf-8" />
  <meta name='ocr-system' content='tesseract 3.04.00' />
  <meta name='ocr-capabilities' content='ocr_page ocr_carea ocr_par ocr_line ocrx_word'/>
</head>
<body>
  <div class='ocr_page' id='page_1' title='image "./theodoriguiliel00juyngoog_0011.png"; bbox 0 0 5467 6500; ppageno 0'>
   <div class='ocr_carea' id='block_1_1' title="bbox 1049 848 1345 899">
    <p class='ocr_par' dir='ltr' id='par_1_1' title="bbox 1049 848 1345 899">
     <span class='ocr_line' id='line_1_1' title="bbox 1049 848 1345 899; baseline 0.034 -6"><span class='ocrx_word' id='word_1_1' title='bbox 1049 848 1345 899; x_wconf 73' lang='lat' dir='ltr'>-vn-</span> 
     </span>
    </p>
   </div>
   <div class='ocr_carea' id='block_1_2' title="bbox 274 1028 2036 2547">
    <p class='ocr_par' dir='ltr' id='par_1_2' title="bbox 381 1028 2036 1373">
     <span class='ocr_line' id='line_1_2' title="bbox 381 1028 2036 1189; baseline 0.021 -52"><span class='ocrx_word' id='word_1_2' title='bbox 381 1037 468 1157; x_wconf 76' lang='lat' dir='ltr'><strong>aas,</strong></span> <span class='ocrx_word' id='word_1_3' title='bbox 496 1069 683 1141; x_wconf 89' lang='lat' dir='ltr'><strong>neminem</strong></span> <span class='ocrx_word' id='word_1_4' title='bbox 709 1028 826 1164; x_wconf 70' lang='lat' dir='ltr'><strong>aegre</strong></span> <span class='ocrx_word' id='word_1_5' title='bbox 839 1070 1021 1143; x_wconf 77' lang='lat' dir='ltr'><strong>laturum</strong></span> <span class='ocrx_word' id='word_1_6' title='bbox 1056 1094 1136 1145; x_wconf 86' lang='lat' dir='ltr'><strong>esse</strong></span> <span class='ocrx_word' id='word_1_7' title='bbox 1162 1078 1336 1169; x_wconf 87' lang='lat' dir='ltr'><strong>confido,</strong></span> <span class='ocrx_word' id='word_1_8' title='bbox 1361 1086 1506 1183; x_wconf 84' lang='lat' dir='ltr'>quippe</span> <span class='ocrx_word' id='word_1_9' title='bbox 1531 1116 1745 1185; x_wconf 70' lang='lat' dir='ltr'><strong>quaecum</strong></span> <span class='ocrx_word' id='word_1_10' title='bbox 1775 1104 1954 1185; x_wconf 62' lang='lat' dir='ltr'><strong>Historia</strong></span> <span class='ocrx_word' id='word_1_11' title='bbox 1979 1116 2036 1189; x_wconf 58' lang='lat' dir='ltr'><strong>ita</strong></span> 
     </span>
     <span class='ocr_line' id='line_1_3' title="bbox 381 1214 2032 1373; baseline 0.03 -69"><span class='ocrx_word' id='word_1_12' title='bbox 381 1237 631 1324; x_wconf 84' lang='lat' dir='ltr'><strong>cohaereant,</strong></span> <span class='ocrx_word' id='word_1_13' title='bbox 655 1248 720 1327; x_wconf 91' lang='lat' dir='ltr'><strong>ut,</strong></span> <span class='ocrx_word' id='word_1_14' title='bbox 744 1237 815 1331; x_wconf 88' lang='lat' dir='ltr'><strong>qui</strong></span> <span class='ocrx_word' id='word_1_15' title='bbox 825 1235 933 1311; x_wconf 76' lang='lat' dir='ltr'><strong>lanc</strong></span> <span class='ocrx_word' id='word_1_16' title='bbox 946 1238 1067 1334; x_wconf 86' lang='lat' dir='ltr'><strong>paulo</strong></span> <span class='ocrx_word' id='word_1_17' title='bbox 1084 1214 1271 1318; x_wconf 79' lang='lat' dir='ltr'><strong>attentius</strong></span> <span class='ocrx_word' id='word_1_18' title='bbox 1287 1252 1527 1346; x_wconf 88' lang='lat' dir='ltr'><strong>consideret,</strong></span> <span class='ocrx_word' id='word_1_19' title='bbox 1543 1262 1635 1335; x_wconf 70' lang='lat' dir='ltr'><strong>dtas</strong></span> <span class='ocrx_word' id='word_1_20' title='bbox 1647 1288 1831 1363; x_wconf 80' lang='lat' dir='ltr'><strong>seponere</strong></span> <span class='ocrx_word' id='word_1_21' title='bbox 1854 1294 2032 1373; x_wconf 86' lang='lat' dir='ltr'><strong>nequeat.</strong></span> 
     </span>
    </p>

    <p class='ocr_par' dir='ltr' id='par_1_3' title="bbox 274 1402 2033 2547">
     <span class='ocr_line' id='line_1_4' title="bbox 427 1402 2033 1544; baseline 0.032 -73"><span class='ocrx_word' id='word_1_22' title='bbox 427 1403 503 1473; x_wconf 73' lang='lat' dir='ltr'><strong>lieo</strong></span> <span class='ocrx_word' id='word_1_23' title='bbox 527 1404 711 1496; x_wconf 86' lang='lat' dir='ltr'><strong>cuiquam</strong></span> <span class='ocrx_word' id='word_1_24' title='bbox 738 1402 961 1502; x_wconf 85' lang='lat' dir='ltr'><strong>displiceat,</strong></span> <span class='ocrx_word' id='word_1_25' title='bbox 981 1430 1063 1498; x_wconf 91' lang='lat' dir='ltr'><strong>me,</strong></span> <span class='ocrx_word' id='word_1_26' title='bbox 1087 1410 1137 1481; x_wconf 91' lang='lat' dir='ltr'><strong>de</strong></span> <span class='ocrx_word' id='word_1_27' title='bbox 1168 1413 1533 1497; x_wconf 71' lang='lat' dir='ltr'><strong><em>Samaritanorum</em></strong></span> <span class='ocrx_word' id='word_1_28' title='bbox 1556 1431 1893 1544; x_wconf 62' lang='lat' dir='ltr'><strong>vicissitudinibus</strong></span> <span class='ocrx_word' id='word_1_29' title='bbox 1919 1470 2033 1543; x_wconf 78' lang='lat' dir='ltr'><strong>agen·</strong></span> 
     </span>
     <span class='ocr_line' id='line_1_5' title="bbox 377 1570 2032 1693; baseline 0.034 -55"><span class='ocrx_word' id='word_1_30' title='bbox 377 1578 476 1657; x_wconf 84' lang='lat' dir='ltr'><strong>tem,</strong></span> <span class='ocrx_word' id='word_1_31' title='bbox 499 1571 550 1641; x_wconf 90' lang='lat' dir='ltr'><strong>de</strong></span> <span class='ocrx_word' id='word_1_32' title='bbox 571 1570 751 1645; x_wconf 69' lang='lat' dir='ltr'><strong>‚ludaeis</strong></span> <span class='ocrx_word' id='word_1_33' title='bbox 780 1574 932 1668; x_wconf 86' lang='lat' dir='ltr'><strong>saepius</strong></span> <span class='ocrx_word' id='word_1_34' title='bbox 958 1575 1132 1649; x_wconf 85' lang='lat' dir='ltr'><strong>locutum</strong></span> <span class='ocrx_word' id='word_1_35' title='bbox 1160 1602 1251 1653; x_wconf 84' lang='lat' dir='ltr'><strong>esse.</strong></span> <span class='ocrx_word' id='word_1_36' title='bbox 1300 1584 1399 1659; x_wconf 84' lang='lat' dir='ltr'><strong>Sunt</strong></span> <span class='ocrx_word' id='word_1_37' title='bbox 1426 1591 1573 1669; x_wconf 83' lang='lat' dir='ltr'><strong>seilicet</strong></span> <span class='ocrx_word' id='word_1_38' title='bbox 1596 1601 1637 1673; x_wconf 92' lang='lat' dir='ltr'><strong>in</strong></span> <span class='ocrx_word' id='word_1_39' title='bbox 1658 1604 1822 1682; x_wconf 74' lang='lat' dir='ltr'><strong>dbmm</strong></span> <span class='ocrx_word' id='word_1_40' title='bbox 1852 1610 2032 1693; x_wconf 66' lang='lat' dir='ltr'><strong>Historia</strong></span> 
     </span>
     <span class='ocr_line' id='line_1_6' title="bbox 376 1737 2030 1874; baseline 0.022 -68"><span class='ocrx_word' id='word_1_41' title='bbox 376 1737 523 1807; x_wconf 87' lang='lat' dir='ltr'><strong>multae</strong></span> <span class='ocrx_word' id='word_1_42' title='bbox 550 1738 704 1831; x_wconf 88' lang='lat' dir='ltr'><strong>periodi</strong></span> <span class='ocrx_word' id='word_1_43' title='bbox 733 1742 997 1833; x_wconf 83' lang='lat' dir='ltr'><strong>obscuriores,</strong></span> <span class='ocrx_word' id='word_1_44' title='bbox 1026 1768 1073 1820; x_wconf 88' lang='lat' dir='ltr'><strong>ao</strong></span> <span class='ocrx_word' id='word_1_45' title='bbox 1089 1746 1209 1844; x_wconf 82' lang='lat' dir='ltr'><strong>longa</strong></span> <span class='ocrx_word' id='word_1_46' title='bbox 1235 1760 1457 1849; x_wconf 85' lang='lat' dir='ltr'><strong>temporum</strong></span> <span class='ocrx_word' id='word_1_47' title='bbox 1479 1762 1710 1862; x_wconf 76' lang='lat' dir='ltr'><strong>intervalla,</strong></span> <span class='ocrx_word' id='word_1_48' title='bbox 1730 1775 1777 1849; x_wconf 88' lang='lat' dir='ltr'><strong>de</strong></span> <span class='ocrx_word' id='word_1_49' title='bbox 1803 1781 1947 1874; x_wconf 71' lang='lat' dir='ltr'><strong>quibus</strong></span> <span class='ocrx_word' id='word_1_50' title='bbox 1973 1790 2030 1858; x_wconf 75' lang='lat' dir='ltr'><strong>ni.</strong></span> 
     </span>
     <span class='ocr_line' id='line_1_7' title="bbox 274 1903 2027 2029; baseline 0.034 -59"><span class='ocrx_word' id='word_1_51' title='bbox 274 1930 278 1936; x_wconf 95' lang='lat'><em>·</em></span> <span class='ocrx_word' id='word_1_52' title='bbox 374 1903 434 1973; x_wconf 89' lang='lat' dir='ltr'><strong>hil</strong></span> <span class='ocrx_word' id='word_1_53' title='bbox 459 1903 542 1975; x_wconf 82' lang='lat' dir='ltr'><strong>iere</strong></span> <span class='ocrx_word' id='word_1_54' title='bbox 572 1903 756 1980; x_wconf 85' lang='lat' dir='ltr'><strong>innotuit.</strong></span> <span class='ocrx_word' id='word_1_55' title='bbox 804 1909 902 1982; x_wconf 86' lang='lat' dir='ltr'><strong>illae</strong></span> <span class='ocrx_word' id='word_1_56' title='bbox 930 1934 1008 1985; x_wconf 91' lang='lat' dir='ltr'><strong>non</strong></span> <span class='ocrx_word' id='word_1_57' title='bbox 1036 1915 1174 1990; x_wconf 89' lang='lat' dir='ltr'><strong>melius</strong></span> <span class='ocrx_word' id='word_1_58' title='bbox 1192 1919 1409 2013; x_wconf 84' lang='lat' dir='ltr'><strong>illustrari,</strong></span> <span class='ocrx_word' id='word_1_59' title='bbox 1433 1939 1472 2001; x_wconf 84' lang='lat' dir='ltr'><strong>et</strong></span> <span class='ocrx_word' id='word_1_60' title='bbox 1503 1934 1576 2007; x_wconf 91' lang='lat' dir='ltr'><strong>hae</strong></span> <span class='ocrx_word' id='word_1_61' title='bbox 1600 1938 1760 2015; x_wconf 87' lang='lat' dir='ltr'><strong>lacunae</strong></span> <span class='ocrx_word' id='word_1_62' title='bbox 1780 1969 1858 2021; x_wconf 92' lang='lat' dir='ltr'><strong>non</strong></span> <span class='ocrx_word' id='word_1_63' title='bbox 1881 1957 2027 2029; x_wconf 87' lang='lat' dir='ltr'><strong>certius</strong></span> 
     </span>
     <span class='ocr_line' id='line_1_8' title="bbox 373 2052 2022 2210; baseline 0.032 -71"><span class='ocrx_word' id='word_1_64' title='bbox 373 2070 549 2164; x_wconf 88' lang='lat' dir='ltr'><strong>suppleri</strong></span> <span class='ocrx_word' id='word_1_65' title='bbox 583 2095 697 2168; x_wconf 84' lang='lat' dir='ltr'><strong>posse</strong></span> <span class='ocrx_word' id='word_1_66' title='bbox 728 2052 983 2168; x_wconf 81' lang='lat' dir='ltr'><strong>ridebantur,</strong></span> <span class='ocrx_word' id='word_1_67' title='bbox 1017 2106 1135 2175; x_wconf 89' lang='lat' dir='ltr'><strong>quam</strong></span> <span class='ocrx_word' id='word_1_68' title='bbox 1174 2088 1207 2157; x_wconf 93' lang='lat' dir='ltr'><strong>si</strong></span> <span class='ocrx_word' id='word_1_69' title='bbox 1249 2089 1494 2186; x_wconf 80' lang='lat' dir='ltr'><strong>interruptae</strong></span> <span class='ocrx_word' id='word_1_70' title='bbox 1524 2107 1744 2183; x_wconf 80' lang='lat' dir='ltr'><strong>narrationi</strong></span> <span class='ocrx_word' id='word_1_71' title='bbox 1773 2134 1820 2183; x_wconf 90' lang='lat' dir='ltr'><strong>ea</strong></span> <span class='ocrx_word' id='word_1_72' title='bbox 1852 2138 2022 2210; x_wconf 88' lang='lat' dir='ltr'><strong>appone-</strong></span> 
     </span>
     <span class='ocr_line' id='line_1_9' title="bbox 370 2242 2023 2371; baseline 0.029 -64"><span class='ocrx_word' id='word_1_73' title='bbox 370 2247 532 2324; x_wconf 83' lang='lat' dir='ltr'><strong>rentur,</strong></span> <span class='ocrx_word' id='word_1_74' title='bbox 567 2262 668 2333; x_wconf 90' lang='lat' dir='ltr'><strong>quae</strong></span> <span class='ocrx_word' id='word_1_75' title='bbox 694 2242 857 2315; x_wconf 80' lang='lat' dir='ltr'><strong>ludaeis</strong></span> <span class='ocrx_word' id='word_1_76' title='bbox 888 2254 983 2319; x_wconf 84' lang='lat' dir='ltr'><strong>tuno</strong></span> <span class='ocrx_word' id='word_1_77' title='bbox 1013 2250 1229 2340; x_wconf 78' lang='lat' dir='ltr'><strong>evenerint,</strong></span> <span class='ocrx_word' id='word_1_78' title='bbox 1264 2264 1310 2325; x_wconf 89' lang='lat' dir='ltr'><strong>ut</strong></span> <span class='ocrx_word' id='word_1_79' title='bbox 1344 2254 1705 2364; x_wconf 82' lang='lat' dir='ltr'><strong>Samaritanorum,</strong></span> <span class='ocrx_word' id='word_1_80' title='bbox 1738 2301 1907 2371; x_wconf 92' lang='lat' dir='ltr'><strong>quorum</strong></span> <span class='ocrx_word' id='word_1_81' title='bbox 1941 2286 2023 2359; x_wconf 83' lang='lat' dir='ltr'><strong>fate</strong></span> 
     </span>
     <span class='ocr_line' id='line_1_10' title="bbox 366 2405 2021 2547; baseline 0.022 -73"><span class='ocrx_word' id='word_1_82' title='bbox 366 2426 458 2475; x_wconf 91' lang='lat' dir='ltr'><strong>cum</strong></span> <span class='ocrx_word' id='word_1_83' title='bbox 493 2405 584 2478; x_wconf 82' lang='lat' dir='ltr'><strong>fatis</strong></span> <span class='ocrx_word' id='word_1_84' title='bbox 604 2407 849 2482; x_wconf 76' lang='lat' dir='ltr'><strong>iudaeorum</strong></span> <span class='ocrx_word' id='word_1_85' title='bbox 883 2414 1098 2488; x_wconf 83' lang='lat' dir='ltr'><strong>arctissime</strong></span> <span class='ocrx_word' id='word_1_86' title='bbox 1134 2440 1303 2492; x_wconf 83' lang='lat' dir='ltr'><strong>connexa</strong></span> <span class='ocrx_word' id='word_1_87' title='bbox 1338 2425 1517 2519; x_wconf 81' lang='lat' dir='ltr'><strong>luerunt,</strong></span> <span class='ocrx_word' id='word_1_88' title='bbox 1548 2439 1722 2515; x_wconf 87' lang='lat' dir='ltr'><strong>conditio</strong></span> <span class='ocrx_word' id='word_1_89' title='bbox 1752 2445 1801 2518; x_wconf 88' lang='lat' dir='ltr'><strong>iis</strong></span> <span class='ocrx_word' id='word_1_90' title='bbox 1828 2456 2021 2547; x_wconf 73' lang='lat' dir='ltr'><strong>tempori.</strong></span> 
     </span>
    </p>
   </div>
   <div class='ocr_carea' id='block_1_3' title="bbox 367 2571 1341 2675">
    <p class='ocr_par' dir='ltr' id='par_1_4' title="bbox 367 2571 1341 2675">
     <span class='ocr_line' id='line_1_11' title="bbox 367 2571 1341 2675; baseline 0.018 -35"><span class='ocrx_word' id='word_1_91' title='bbox 367 2572 443 2641; x_wconf 90' lang='lat' dir='ltr'><strong>bus</strong></span> <span class='ocrx_word' id='word_1_92' title='bbox 467 2571 523 2644; x_wconf 88' lang='lat' dir='ltr'><strong>sie</strong></span> <span class='ocrx_word' id='word_1_93' title='bbox 545 2594 702 2667; x_wconf 88' lang='lat' dir='ltr'><strong>quoque</strong></span> <span class='ocrx_word' id='word_1_94' title='bbox 723 2579 1009 2669; x_wconf 87' lang='lat' dir='ltr'><strong>quodammodo</strong></span> <span class='ocrx_word' id='word_1_95' title='bbox 1032 2597 1341 2675; x_wconf 77' lang='lat' dir='ltr'><strong>cognosceretur.</strong></span> 
     </span>
    </p>
   </div>
   <div class='ocr_carea' id='block_1_4' title="bbox 417 2735 2017 2880">
    <p class='ocr_par' dir='ltr' id='par_1_5' title="bbox 417 2735 2017 2880">
     <span class='ocr_line' id='line_1_12' title="bbox 417 2735 2017 2880; baseline 0.036 -76"><span class='ocrx_word' id='word_1_96' title='bbox 417 2735 475 2806; x_wconf 86' lang='lat' dir='ltr'><strong>De</strong></span> <span class='ocrx_word' id='word_1_97' title='bbox 501 2737 679 2830; x_wconf 75' lang='lat' dir='ltr'><strong>singulis,</strong></span> <span class='ocrx_word' id='word_1_98' title='bbox 705 2763 806 2833; x_wconf 88' lang='lat' dir='ltr'><strong>quae</strong></span> <span class='ocrx_word' id='word_1_99' title='bbox 831 2744 872 2816; x_wconf 92' lang='lat' dir='ltr'><strong>in</strong></span> <span class='ocrx_word' id='word_1_100' title='bbox 900 2746 1082 2818; x_wconf 77' lang='lat' dir='ltr'><strong>universa</strong></span> <span class='ocrx_word' id='word_1_101' title='bbox 1107 2749 1181 2822; x_wconf 89' lang='lat' dir='ltr'><strong>hac</strong></span> <span class='ocrx_word' id='word_1_102' title='bbox 1203 2752 1466 2849; x_wconf 89' lang='lat' dir='ltr'><strong>disputatione</strong></span> <span class='ocrx_word' id='word_1_103' title='bbox 1492 2767 1607 2843; x_wconf 85' lang='lat' dir='ltr'><strong>obvia</strong></span> <span class='ocrx_word' id='word_1_104' title='bbox 1630 2786 1743 2866; x_wconf 92' lang='lat' dir='ltr'><strong>sunt,</strong></span> <span class='ocrx_word' id='word_1_105' title='bbox 1768 2800 1849 2873; x_wconf 91' lang='lat' dir='ltr'><strong>quo</strong></span> <span class='ocrx_word' id='word_1_106' title='bbox 1864 2784 2017 2880; x_wconf 91' lang='lat' dir='ltr'><strong>plenius</strong></span> 
     </span>
    </p>
   </div>
   <div class='ocr_carea' id='block_1_5' title="bbox 364 2888 2014 3033">
    <p class='ocr_par' dir='ltr' id='par_1_6' title="bbox 364 2888 2014 3033">
     <span class='ocr_line' id='line_1_13' title="bbox 364 2888 2014 3033; baseline 0.035 -63"><span class='ocrx_word' id='word_1_107' title='bbox 364 2911 408 2971; x_wconf 86' lang='lat' dir='ltr'><strong>et</strong></span> <span class='ocrx_word' id='word_1_108' title='bbox 431 2905 733 2978; x_wconf 86' lang='lat' dir='ltr'><strong>consummatius</strong></span> <span class='ocrx_word' id='word_1_109' title='bbox 760 2907 1014 3004; x_wconf 84' lang='lat' dir='ltr'><strong>dissererem,</strong></span> <span class='ocrx_word' id='word_1_110' title='bbox 1035 2888 1302 3014; x_wconf 41' lang='lat' dir='ltr'><strong>&#39;quaecunque</strong></span> <span class='ocrx_word' id='word_1_111' title='bbox 1325 2925 1425 2999; x_wconf 89' lang='lat' dir='ltr'><strong>mihi</strong></span> <span class='ocrx_word' id='word_1_112' title='bbox 1446 2946 1602 3026; x_wconf 89' lang='lat' dir='ltr'><strong>praesto</strong></span> <span class='ocrx_word' id='word_1_113' title='bbox 1624 2956 1760 3033; x_wconf 84' lang='lat' dir='ltr'><strong>erant,</strong></span> <span class='ocrx_word' id='word_1_114' title='bbox 1782 2950 1954 3023; x_wconf 89' lang='lat' dir='ltr'><strong>subsidia</strong></span> <span class='ocrx_word' id='word_1_115' title='bbox 1971 2955 2014 3027; x_wconf 92' lang='lat' dir='ltr'><strong>in</strong></span> 
     </span>
    </p>
   </div>
   <div class='ocr_carea' id='block_1_6' title="bbox 357 3080 2025 3708">
    <p class='ocr_par' dir='ltr' id='par_1_7' title="bbox 357 3080 2025 3708">
     <span class='ocr_line' id='line_1_14' title="bbox 361 3080 2025 3197; baseline 0.034 -59"><span class='ocrx_word' id='word_1_116' title='bbox 361 3089 470 3141; x_wconf 87' lang='lat' dir='ltr'><strong>meos</strong></span> <span class='ocrx_word' id='word_1_117' title='bbox 488 3093 581 3143; x_wconf 85' lang='lat' dir='ltr'><strong>usus</strong></span> <span class='ocrx_word' id='word_1_118' title='bbox 606 3084 831 3150; x_wconf 79' lang='lat' dir='ltr'><strong>convertere</strong></span> <span class='ocrx_word' id='word_1_119' title='bbox 861 3080 1005 3153; x_wconf 84' lang='lat' dir='ltr'><strong>studui</strong></span> <span class='ocrx_word' id='word_1_120' title='bbox 1054 3082 1101 3155; x_wconf 95' lang='lat' dir='ltr'><strong>In</strong></span> <span class='ocrx_word' id='word_1_121' title='bbox 1129 3086 1272 3179; x_wconf 89' lang='lat' dir='ltr'><strong>quibus</strong></span> <span class='ocrx_word' id='word_1_122' title='bbox 1294 3093 1390 3184; x_wconf 91' lang='lat' dir='ltr'><strong>quia</strong></span> <span class='ocrx_word' id='word_1_123' title='bbox 1409 3108 1521 3189; x_wconf 83' lang='lat' dir='ltr'><strong>sunt,</strong></span> <span class='ocrx_word' id='word_1_124' title='bbox 1546 3127 1646 3197; x_wconf 86' lang='lat' dir='ltr'><strong>quac</strong></span> <span class='ocrx_word' id='word_1_125' title='bbox 1670 3111 1787 3185; x_wconf 89' lang='lat' dir='ltr'><strong>hodie</strong></span> <span class='ocrx_word' id='word_1_126' title='bbox 1815 3118 2025 3191; x_wconf 78' lang='lat' dir='ltr'><strong>rarissime.</strong></span> 
     </span>
     <span class='ocr_line' id='line_1_15' title="bbox 360 3237 2009 3376; baseline 0.033 -69"><span class='ocrx_word' id='word_1_127' title='bbox 360 3237 646 3332; x_wconf 85' lang='lat' dir='ltr'><strong>reperiuntur,</strong></span> <span class='ocrx_word' id='word_1_128' title='bbox 670 3242 819 3328; x_wconf 87' lang='lat' dir='ltr'><strong>multa,</strong></span> <span class='ocrx_word' id='word_1_129' title='bbox 843 3270 944 3341; x_wconf 92' lang='lat' dir='ltr'><strong>quae</strong></span> <span class='ocrx_word' id='word_1_130' title='bbox 966 3249 1105 3339; x_wconf 81' lang='lat' dir='ltr'><strong>verbo,</strong></span> <span class='ocrx_word' id='word_1_131' title='bbox 1126 3254 1195 3324; x_wconf 79' lang='lat' dir='ltr'><strong>ubi</strong></span> <span class='ocrx_word' id='word_1_132' title='bbox 1217 3254 1423 3352; x_wconf 79' lang='lat' dir='ltr'><strong>legantur,</strong></span> <span class='ocrx_word' id='word_1_133' title='bbox 1446 3266 1656 3362; x_wconf 88' lang='lat' dir='ltr'><strong>indicasse,</strong></span> <span class='ocrx_word' id='word_1_134' title='bbox 1680 3285 1907 3376; x_wconf 84' lang='lat' dir='ltr'><strong>ceteroquin</strong></span> <span class='ocrx_word' id='word_1_135' title='bbox 1928 3292 2009 3361; x_wconf 83' lang='lat' dir='ltr'><strong>sul-</strong></span> 
     </span>
     <span class='ocr_line' id='line_1_16' title="bbox 360 3405 2006 3543; baseline 0.03 -68"><span class='ocrx_word' id='word_1_136' title='bbox 360 3405 535 3489; x_wconf 80' lang='lat' dir='ltr'><strong>fecisset,</strong></span> <span class='ocrx_word' id='word_1_137' title='bbox 561 3405 651 3476; x_wconf 91' lang='lat' dir='ltr'><strong>inde</strong></span> <span class='ocrx_word' id='word_1_138' title='bbox 667 3412 858 3503; x_wconf 83' lang='lat' dir='ltr'><strong>excerpsi,</strong></span> <span class='ocrx_word' id='word_1_139' title='bbox 883 3414 981 3505; x_wconf 89' lang='lat' dir='ltr'><strong>quin</strong></span> <span class='ocrx_word' id='word_1_140' title='bbox 1005 3413 1178 3508; x_wconf 75' lang='lat' dir='ltr'><strong>integros</strong></span> <span class='ocrx_word' id='word_1_141' title='bbox 1201 3419 1306 3492; x_wconf 86' lang='lat' dir='ltr'><strong>locos</strong></span> <span class='ocrx_word' id='word_1_142' title='bbox 1330 3429 1495 3501; x_wconf 89' lang='lat' dir='ltr'><strong>subinde</strong></span> <span class='ocrx_word' id='word_1_143' title='bbox 1515 3433 1723 3534; x_wconf 87' lang='lat' dir='ltr'><strong>descripsi,</strong></span> <span class='ocrx_word' id='word_1_144' title='bbox 1744 3458 1790 3516; x_wconf 85' lang='lat' dir='ltr'><strong>ut</strong></span> <span class='ocrx_word' id='word_1_145' title='bbox 1823 3453 2006 3543; x_wconf 91' lang='lat' dir='ltr'><strong>quisque,</strong></span> 
     </span>
     <span class='ocr_line' id='line_1_17' title="bbox 357 3539 2007 3708; baseline 0.031 -68"><span class='ocrx_word' id='word_1_146' title='bbox 357 3569 425 3640; x_wconf 87' lang='lat' dir='ltr'><strong>oui</strong></span> <span class='ocrx_word' id='word_1_147' title='bbox 466 3568 517 3637; x_wconf 89' lang='lat' dir='ltr'><strong>ad</strong></span> <span class='ocrx_word' id='word_1_148' title='bbox 552 3590 616 3640; x_wconf 89' lang='lat' dir='ltr'><strong>eos</strong></span> <span class='ocrx_word' id='word_1_149' title='bbox 648 3570 788 3647; x_wconf 88' lang='lat' dir='ltr'><strong>Libros</strong></span> <span class='ocrx_word' id='word_1_150' title='bbox 817 3578 948 3649; x_wconf 88' lang='lat' dir='ltr'><strong>aditus</strong></span> <span class='ocrx_word' id='word_1_151' title='bbox 975 3600 1052 3650; x_wconf 92' lang='lat' dir='ltr'><strong>uon</strong></span> <span class='ocrx_word' id='word_1_152' title='bbox 1082 3591 1231 3675; x_wconf 80' lang='lat' dir='ltr'><strong>pateat,</strong></span> <span class='ocrx_word' id='word_1_153' title='bbox 1256 3539 1306 3661; x_wconf 80' lang='lat' dir='ltr'><strong>de</strong></span> <span class='ocrx_word' id='word_1_154' title='bbox 1339 3592 1455 3669; x_wconf 86' lang='lat' dir='ltr'><strong>dictis</strong></span> <span class='ocrx_word' id='word_1_155' title='bbox 1474 3601 1555 3700; x_wconf 86' lang='lat' dir='ltr'><strong>ipse</strong></span> <span class='ocrx_word' id='word_1_156' title='bbox 1584 3605 1806 3684; x_wconf 87' lang='lat' dir='ltr'><strong>accuratius</strong></span> <span class='ocrx_word' id='word_1_157' title='bbox 1825 3616 2007 3708; x_wconf 74' lang='lat' dir='ltr'><strong>judicare</strong></span> 
     </span>
    </p>
   </div>
   <div class='ocr_carea' id='block_1_7' title="bbox 357 3744 633 3828">
    <p class='ocr_par' dir='ltr' id='par_1_8' title="bbox 357 3744 633 3828">
     <span class='ocr_line' id='line_1_18' title="bbox 357 3744 633 3828; baseline 0.029 -25"><span class='ocrx_word' id='word_1_158' title='bbox 357 3744 498 3828; x_wconf 85' lang='lat' dir='ltr'><strong>posset.</strong></span> <span class='ocrx_word' id='word_1_159' title='bbox 630 3793 633 3801; x_wconf 72' lang='grc'>.</span> 
     </span>
    </p>
   </div>
   <div class='ocr_carea' id='block_1_8' title="bbox 358 3899 2003 4200">
    <p class='ocr_par' dir='ltr' id='par_1_9' title="bbox 358 3899 2003 4200">
     <span class='ocr_line' id='line_1_19' title="bbox 409 3899 2003 4042; baseline 0.037 -73"><span class='ocrx_word' id='word_1_160' title='bbox 409 3899 455 3971; x_wconf 92' lang='lat' dir='ltr'><strong>ln</strong></span> <span class='ocrx_word' id='word_1_161' title='bbox 482 3900 545 3972; x_wconf 88' lang='lat' dir='ltr'><strong>his</strong></span> <span class='ocrx_word' id='word_1_162' title='bbox 559 3903 780 3978; x_wconf 89' lang='lat' dir='ltr'><strong>rarioribus</strong></span> <span class='ocrx_word' id='word_1_163' title='bbox 803 3908 1029 4004; x_wconf 78' lang='lat' dir='ltr'><strong>opusculis,</strong></span> <span class='ocrx_word' id='word_1_164' title='bbox 1050 3929 1208 4009; x_wconf 87' lang='lat' dir='ltr'><strong>praeter</strong></span> <span class='ocrx_word' id='word_1_165' title='bbox 1221 3919 1406 4001; x_wconf 77' lang='lat' dir='ltr'><strong>Crnamr</strong></span> <span class='ocrx_word' id='word_1_166' title='bbox 1435 3931 1681 4032; x_wconf 88' lang='lat' dir='ltr'><strong>aliorumque</strong></span> <span class='ocrx_word' id='word_1_167' title='bbox 1702 3945 1874 4042; x_wconf 87' lang='lat' dir='ltr'><strong>Scripta,</strong></span> <span class='ocrx_word' id='word_1_168' title='bbox 1897 3951 2003 4028; x_wconf 81' lang='lat' dir='ltr'><strong>Mou-</strong></span> 
     </span>
     <span class='ocr_line' id='line_1_20' title="bbox 358 4070 2003 4200; baseline 0.035 -65"><span class='ocrx_word' id='word_1_169' title='bbox 358 4085 451 4137; x_wconf 77' lang='lat' dir='ltr'><strong>rrnt</strong></span> <span class='ocrx_word' id='word_1_170' title='bbox 466 4077 547 4154; x_wconf 88' lang='lat' dir='ltr'><strong>est,</strong></span> <span class='ocrx_word' id='word_1_171' title='bbox 570 4091 685 4162; x_wconf 87' lang='lat' dir='ltr'><strong>quem</strong></span> <span class='ocrx_word' id='word_1_172' title='bbox 707 4070 857 4149; x_wconf 88' lang='lat' dir='ltr'><strong>frustra</strong></span> <span class='ocrx_word' id='word_1_173' title='bbox 878 4077 1096 4154; x_wconf 82' lang='lat' dir='ltr'><strong>diutissime</strong></span> <span class='ocrx_word' id='word_1_174' title='bbox 1112 4089 1329 4177; x_wconf 84' lang='lat' dir='ltr'><strong>quaesitum</strong></span> <span class='ocrx_word' id='word_1_175' title='bbox 1348 4097 1503 4170; x_wconf 86' lang='lat' dir='ltr'><strong>tandem</strong></span> <span class='ocrx_word' id='word_1_176' title='bbox 1534 4115 1669 4180; x_wconf 88' lang='lat' dir='ltr'><strong>nactus</strong></span> <span class='ocrx_word' id='word_1_177' title='bbox 1696 4135 1803 4200; x_wconf 83' lang='lat' dir='ltr'><strong>sum,</strong></span> <span class='ocrx_word' id='word_1_178' title='bbox 1829 4113 2003 4192; x_wconf 89' lang='lat' dir='ltr'><strong>Libellus</strong></span> 
     </span>
    </p>
   </div>
   <div class='ocr_carea' id='block_1_9' title="bbox 356 4229 2001 4375">
    <p class='ocr_par' dir='ltr' id='par_1_10' title="bbox 356 4229 2001 4375">
     <span class='ocr_line' id='line_1_21' title="bbox 356 4229 2001 4375; baseline 0.039 -78"><span class='ocrx_word' id='word_1_179' title='bbox 356 4229 409 4300; x_wconf 85' lang='lat' dir='ltr'><strong>de</strong></span> <span class='ocrx_word' id='word_1_180' title='bbox 432 4229 542 4303; x_wconf 71' lang='lat' dir='ltr'><strong>tetis</strong></span> <span class='ocrx_word' id='word_1_181' title='bbox 557 4234 750 4328; x_wconf 65' lang='lat' dir='ltr'><strong>judaicis,</strong></span> <span class='ocrx_word' id='word_1_182' title='bbox 773 4240 845 4312; x_wconf 73' lang='lat' dir='ltr'><strong>mh</strong></span> <span class='ocrx_word' id='word_1_183' title='bbox 876 4242 1058 4338; x_wconf 71' lang='lat' dir='ltr'><strong>rmjaao</strong></span> <span class='ocrx_word' id='word_1_184' title='bbox 1081 4259 1123 4324; x_wconf 89' lang='lat' dir='ltr'><strong>et</strong></span> <span class='ocrx_word' id='word_1_185' title='bbox 1142 4254 1364 4333; x_wconf 70' lang='lat' dir='ltr'><strong>Hadriano</strong></span> <span class='ocrx_word' id='word_1_186' title='bbox 1388 4269 1519 4358; x_wconf 78' lang='lat' dir='ltr'><strong>pestis.</strong></span> <span class='ocrx_word' id='word_1_187' title='bbox 1573 4271 1657 4347; x_wconf 87' lang='lat' dir='ltr'><strong>lloo</strong></span> <span class='ocrx_word' id='word_1_188' title='bbox 1683 4278 1880 4375; x_wconf 88' lang='lat' dir='ltr'><strong>inprimis</strong></span> <span class='ocrx_word' id='word_1_189' title='bbox 1909 4309 2001 4360; x_wconf 91' lang='lat' dir='ltr'><strong>usus</strong></span> 
     </span>
    </p>
   </div>
   <div class='ocr_carea' id='block_1_10' title="bbox 0 0 2738 6500">
    <p class='ocr_par' dir='ltr' id='par_1_11' title="bbox 0 0 2738 6500">
     <span class='ocr_line' id='line_1_22' title="bbox 0 0 2738 6500; baseline 0 14"><span class='ocrx_word' id='word_1_190' title='bbox 0 0 2738 6500; x_wconf 95' lang='lat' dir='ltr'><strong> </strong></span> 
     </span>
    </p>
   </div>
  </div>
 </body>
</html>
