5467 6500
1039 797 1362 905 4135.»

388 1036 429 1101 de
452 1026 656 1100 samaritanis
675 1033 865 1095 summunt.
890 1017 1052 1086 ‘Primum
1074 1018 1204 1107 quidem
1228 1019 1403 1105 Imperator
1433 1013 1568 1103 Neapoli
1588 1012 1786 1104 pepercisse,
1807 1022 1840 1076 et
1869 1009 1901 1077 iu
1928 1009 2039 1078 Monte

389 1147 538 1214 Gartatmi
558 1141 724 1230 Templum
745 1135 921 1204 condidisae
946 1133 1066 1207 fertur,
1089 1130 1204 1197 deiude
1226 1153 1320 1208 roro,
1340 1131 1521 1199 memoratis
1538 1128 1732 1198 ludaeorum
1761 1127 2036 1192 criminationibus

387 1261 584 1334 stimulatus,
607 1255 876 1324 Samaritamrum
902 1267 992 1336 avos
1009 1246 1164 1314 incendiis
1187 1247 1400 1334 caedibusque
1420 1247 1608 1337 replevisse,
1639 1244 1756 1310 multos
1778 1244 1890 1321 Viros,
1911 1243 1943 1309 in
1962 1243 2035 1331 pri-

385 1377 444 1444 mis
457 1372 636 1458 Principes,
658 1366 855 1444 trucidasse,
873 1377 907 1431 et
918 1363 1007 1428 cruci
1016 1361 1166 1440 affixisse,
1186 1361 1263 1450 quin
1274 1347 1558 1452 magnaminsuper
1567 1358 1716 1446 Neapolis
1727 1371 1847 1447 partem
1860 1357 2032 1434 delevisse,

385 1505 417 1555 ot
449 1490 576 1576 Scripta
600 1483 710 1549 Gentis
737 1483 865 1569 antiqua
893 1476 1087 1567 perdidisse,
1119 1476 1159 1542 de
1182 1498 1318 1566 quorum
1343 1479 1470 1564 jactari
1499 1474 1686 1542 Samaritani
1717 1472 1873 1539 hocloco
1896 1475 2033 1561 graviter

384 1605 609 1671 lamentantur.
657 1589 753 1663 ldem
784 1616 862 1682 erpo
880 1594 912 1658 ei
943 1590 1015 1656 urbi
1045 1590 1112 1656 lere
1143 1592 1303 1668 creuerit,
1330 1592 1418 1678 quod
1457 1590 1708 1676 Hierosolymis,
1744 1610 1825 1676 quoe
1851 1611 1934 1654 auno
1970 1589 2033 1652 tte

385 1720 508 1786 Aeliae
521 1715 651 1782 uomina
668 1722 861 1786 restaurata,
878 1717 913 1774 et
931 1708 1020 1772 noris
1039 1704 1191 1772 aediliciis
1207 1727 1243 1772 ac
1260 1705 1423 1794 Templis,
1449 1708 1662 1774 Romanorum
1686 1703 1796 1771 Gultui
1825 1703 1955 1780 dicatis,
1981 1724 2034 1768 or·

385 1845 457 1896 unta
478 1842 562 1894 sunt.

321 1986 341 2023 ρ
425 1947 537 2013 llictae
568 1941 642 2008 illae
668 1937 817 2027 Neapolis
849 1937 1063 2013 calamitatea,
1093 1950 1127 2002 et
1150 1957 1231 2025 quae
1253 1958 1324 2002 mor
1355 1935 1568 2025 aequabatur,
1601 1937 1891 2020 Hierosolymorum
1911 1949 2030 2000 restau-

381 2064 486 2137 ratio,
509 2070 605 2133 auto,
634 2068 671 2121 ut
692 2055 849 2130 vidimus,
876 2054 927 2118 rix
949 2052 1116 2129 inchoata,
1140 2051 1227 2118 bello
1244 2063 1350 2117 autem
1370 2052 1546 2144 composito
1568 2051 1696 2116 demum
1714 2052 1874 2128 absoluta,
1910 2053 1942 2115 io
1965 2065 2029 2116 tra·

381 2178 500 2242 ditione
527 2171 714 2238 samaritani
736 2168 939 2255 tranapoaltae
964 2179 1050 2235 sunt.
1096 2167 1186 2233 Turro
1204 2167 1334 2232 ,ludaeis
1358 2167 1397 2232 ad
1425 2166 1536 2231 urbem
1561 2187 1678 2233 sacram
1707 2167 1810 2232 aditur
1837 2167 2029 2253 prohibeba-

381 2305 435 2356 tur
458 2291 529 2373 (1),
557 2283 746 2353 Samaritani
771 2302 857 2360 raro,
872 2303 910 2348 er
937 2287 1004 2348 arad
1030 2281 1110 2348 urbe
1131 2281 1243 2346 socloai
1263 2301 1337 2347 ease
1361 2303 1425 2346 uon
1449 2281 1620 2348 dicuutur:
1645 2281 1740 2370 quod
1759 2281 1937 2370 ¹Imperator
1967 2303 2031 2346 uon

380 2405 587 2472 neceesarium
604 2399 750 2474 duxerit,
772 2398 847 2484 quia
867 2395 1076 2475 Samaritani,
1098 2396 1312 2486 minntqnam
1332 2396 1466 2473 duduci,
1491 2397 1639 2464 Romania
1659 2411 1749 2463 erant
1774 2397 1917 2462 timendi.
1953 2397 2029 2462 Tam

377 2522 512 2607 graviter
533 2531 638 2582 tamen
661 2536 699 2578 eo
722 2525 867 2601 tompore
888 2533 938 2579 rea
953 2514 1049 2580 etiarn
1066 2511 1333 2578 Samaritanorum
1356 2511 1492 2576 afflictae
1513 2527 1606 2590 suut,
1631 2526 1667 2577 ut
1692 2511 1845 2578 Hadriani
1860 2513 2027 2595 imperium

379 2657 464 2708 nou,
488 2645 523 2696 ut
549 2631 630 2696 aliae
648 2630 716 2714 ejus
736 2627 849 2704 Gentis
869 2627 1027 2697 Historiae
1043 2638 1148 2713 partes
1161 2658 1178 2703 ,·
1191 2623 1275 2713 apud
1298 2625 1399 2711 ipsam
1420 2627 1454 2690 iu
1477 2627 1669 2698 oblivionem
1692 2626 1827 2702 obierit,
1851 2638 1884 2688 et
1902 2645 1942 2688 ue
1966 2646 2025 2710 per

378 2747 483 2812 secula
499 2743 630 2832 quidem
646 2764 684 2808 en
705 2744 773 2828 ejus
791 2741 942 2817 memorii
958 2739 1052 2806 avelli
1073 2741 1226 2829 potuerit.

384 2919 388 2927 .
422 2860 500 2946 Quia
522 2879 598 2925 raro
625 2859 684 2923 iate
706 2856 804 2922 fuerit
827 2853 904 2920 belli
923 2854 993 2920 llun
1013 2855 1247 2930 Bar-coccea,
1266 2854 1377 2940 quisve
1395 2856 1463 2941 ejus
1482 2853 1617 2934 Sosius,
1637 2857 1773 2943 Aqtda,
1794 2855 1883 2942 cujus
1907 2873 2028 2918 summa

377 2988 447 3040 erat
471 2973 661 3049 auotoritas,
679 2970 743 3036 huo
768 2989 870 3056 usque
885 2989 948 3034 uon
978 2981 1111 3038 oooatat.
1158 2967 1290 3034 ,ludaeis
1309 2967 1466 3048 testibus,
1500 2991 1563 3036 nou
1585 2993 1622 3037 er
1649 2971 1750 3038 Geute
1779 2983 1875 3034 cram,
1885 2969 2026 3055 judaici·

375 3092 493 3178 Aqeta
507 3114 518 3166 ,·
541 3099 577 3151 ut
602 3087 628 3149 ii
653 3099 802 3160 amant,
823 3105 862 3147 er
884 3083 1092 3158 Parentibus,
1116 3081 1156 3147 ad
1182 3082 1317 3146 Gentem
1345 3080 1548 3150 israeliticam
1571 3103 1634 3148 aon
1656 3083 1889 3171 pertinentibus
1909 3097 2024 3159 notus,

377 3205 415 3272 ad
439 3201 632 3270 ludaeorum
650 3196 748 3264 Suom
771 3199 956 3261 tramiiaae
971 3195 1101 3264 dicitur.
1147 3193 1379 3263 car-metae
1397 3208 1484 3262 ortua
1507 3217 1634 3286 prorsus
1651 3197 1746 3275 latet,
1771 3177 1942 3265 sedicione
1955 3219 2028 3265 curn

375 3319 534 3388 Judaeum
550 3336 616 3379 noa
637 3322 774 3390 mum,
798 3310 852 3377 sod
865 3313 1026 3398 factam,
1053 3310 1149 3377 iidem
1171 3309 1342 3398 perhibent
1365 3312 1427 3396 (2).
1474 3310 1613 3401 Uterque
1642 3315 1772 3380 fortasse
1787 3336 1834 3380 er
1858 3314 1961 3381 Geute
1978 3336 2026 3377 sa·

374 3435 528 3501 maritant
548 3427 699 3495 adoneus
719 3440 800 3494 erat.
844 3424 1038 3492 iudaeorum
1062 3428 1211 3493 Procerus
1238 3426 1407 3502 nimirum,
1427 3439 1536 3515 aptum
1557 3428 1675 3495 Ducem
1695 3427 1930 3504 desiderantes,
1955 3429 2023 3513 ejus

375 3572 438 3615 uou
461 3554 574 3611 oreon
594 3542 673 3609 adeo
699 3538 904 3606 attendebant
918 3588 927 3618 ,
940 3540 994 3605 sed
1016 3542 1152 3605 marinae
1173 3541 1308 3626 inponit·
1319 3540 1425 3609 dotes.
1460 3542 1495 3609 si
1514 3564 1587 3610 vera
1605 3546 1646 3609 ait
1664 3546 1869 3632 conjectura,
1891 3544 2024 3609 minime

376 3667 548 3739 miramur,
572 3658 702 3727 honoris
712 3654 840 3722 titulum
851 3655 964 3720 illiuaa
976 3654 1108 3722 Judaela
1125 3666 1232 3742 postea
1247 3655 1288 3719 iu·
1299 3653 1443 3721 odiosum
1454 3656 1537 3723 irtud
1548 3659 1778 3725 Bar-scaione
1794 3678 1908 3724 nomeu
1918 3671 2024 3723 mutu·

375 3794 442 3845 tum
463 3799 551 3853 aare,
573 3775 782 3862 nequeatirm
794 3818 803 3846 ,
816 3790 909 3850 enm,
931 3770 1106 3859 prudentor
1115 3769 1465 3859 callidequeagentem‚
1488 3772 1901 3841 Samaritanosdudeeorum
1913 3795 2024 3839 causeo

374 3893 560 3981 adjunxisse.
607 3887 729 3971 Quibus
749 3886 892 3962 aceedit,
915 3906 1008 3952 eum·
1028 3894 1065 3950 ut
1086 3884 1584 3959 tudaeiuonuuttt‚tradiderunt
1605 3889 1679 3972 (3),
1703 3888 1850 3953 conlecto
1870 3890 1975 3963 bello,
2001 3913 2023 3953 a

374 4006 525 4074 ludaeis
543 4000 749 4069 interiectum
765 4012 848 4066 aaron.¹

394 4124 431 4186 ln
443 4112 897 4199 lintr’a·nanh10hronico(l)
910 4111 1086 4179 Hadrianus
1102 4113 1250 4183 Uxorem
1261 4114 1545 4181 emerentianus
1557 4122 1809 4183 samaritanam
1825 4116 2020 4186 missurn.

373 4239 452 4303 llem
467 4237 588 4325 ipsam,
605 4252 687 4320 quae
708 4228 834 4295 aliunde
852 4250 916 4324 nou
939 4229 1134 4307 illustratur,
1159 4232 1192 4295 iu
1214 4229 1319 4297 medio
1338 4230 1566 4319 relinquimus,
1589 4232 1642 4297 red
1661 4231 1962 4307 obsecrandumest‚
1983 4255 2021 4295 oo

374 4355 505 4449 nomiae
516 4370 601 4423 uon,
623 4346 707 4433 quod
720 4329 909 4410 eleuteros
925 4344 975 4427 (ὃ)
996 4344 1142 4432 opinatus
1159 4358 1227 4423 eat,
1241 4345 1446 4432 familiam,
1469 4345 1523 4411 sed
1536 4346 1695 4437 oppidum
1708 4346 1864 4435 intelligi,
1885 4370 1921 4415 ex
1935 4368 2019 4433 quo,

374 4479 410 4530 at
431 4463 527 4529 Liber
552 4461 670 4528 dorum
687 4480 759 4545 cap.
779 4458 898 4525 xtttt
919 4457 1038 4536 tradit,
1062 4457 1172 4525 fretm
1184 4506 1193 4536 ,
1205 4460 1270 4546 qni
1290 4458 1447 4525 Hadriano
1468 4461 1607 4527 consiliis
1626 4462 1768 4528 auxiliati
1786 4476 1881 4541 suot,
1906 4463 2019 4529 oriuu·

374 4582 408 4644 di
428 4591 540 4645 essent.
586 4572 746 4643 scribitur
766 4569 812 4635 ibi
834 4592 948 4640 nomeu
970 4577 1098 4662 ἁμὲς,
1122 4587 1154 4641 et
1175 4573 1235 4639 ltoc
1256 4576 1386 4641 lortmre
1406 4596 1469 4641 nou
1490 4576 1629 4643 differta
1650 4575 1750 4664 δηθά
1762 4626 1771 4657 ,
1797 4580 1855 4645 sitt
1877 4575 2020 4665 Lyddam

374 4797 606 4820 Μ

413 4928 454 4999 tlt
475 4924 591 4983 Munna
609 4874 663 4993 ll,
680 4942 709 4999 p.
720 4922 757 4981 95
771 4943 850 5015 soqffi
945 4906 950 4913 ¹
1518 4998 1521 5009 ἡ

413 5024 455 5098 (²)
471 5022 587 5081 Mum
600 5022 657 5090 tt,
676 5040 700 5097 p.
715 5019 753 5079 4⁸
768 5040 840 5098 seqq.
1043 5088 1047 5096 ‚
1126 5019 1129 5025 ⁴
1245 5028 1286 5103 ld)
1307 5030 1423 5107 iduum
1439 5028 1514 5109 put
1531 5052 1584 5109 aeq.

411 5124 454 5203 (a)
474 5116 836 5199 aestuarent.
1245 5130 1286 5202 p)
1307 5129 1355 5188 ιι.
1375 5130 1405 5203 1,
1425 5126 1530 5208 pter.
1601 5201 1604 5209 Ι
