5467 6500
1339 807 1631 882 -m-

639 1005 860 1075 nonnosum.
878 1040 924 1057 ·-
945 1002 1043 1072 llnus
1064 1004 1146 1067 iilis
1170 998 1327 1089 [Aegypti
1348 1000 1476 1088 incolis]
1499 1000 1670 1068 Beusest.
1718 1000 1824 1068 Hunc
1836 1001 2058 1083 Christiani,
2074 1005 2162 1072 lunc
2173 1007 2304 1075 ludaei
2314 1058 2325 1087 ,

640 1126 754 1188 ›olunc
775 1144 887 1188 omnes
905 1128 1115 1186 uenerantur
1132 1126 1165 1183 ct
1181 1117 1345 1186 Gentes.”
1370 1103 1530 1207 iutelligit
1541 1117 1749 1207 Serapidem
1763 1167 1772 1198 ,
1788 1140 1916 1209 querna
1935 1121 2077 1189 Christo
2090 1144 2153 1189 non
2167 1123 2328 1193 distinxit.

641 1242 714 1307 Non
745 1260 859 1305 omnes
884 1250 991 1305 autem
1018 1235 1234 1304 samaritanos
1251 1233 1417 1323 Serapidis
1440 1232 1572 1301 Cultum
1591 1236 1752 1325 amplexos
1776 1260 1868 1318 esse,
1893 1237 1948 1303 sed
1966 1242 2148 1306 nonnullos
2178 1253 2328 1321 tantum,

641 1368 740 1445 atque
757 1379 811 1423 eos
828 1356 984 1431 merisne,
1005 1353 1062 1442 qni
1080 1354 1114 1417 in
1130 1350 1285 1417 Gentium
1300 1348 1432 1415 cottum
1453 1353 1629 1441 propensi,
1652 1366 1685 1419 et
1704 1353 1868 1443 Hadriano
1890 1355 1976 1421 obvii
1997 1370 2121 1437 essent,
2143 1357 2176 1423 id
2198 1359 2329 1439 fecisse,

641 1476 706 1539 sire
725 1472 910 1552 simulasse,
932 1472 1105 1563 plerosque
1123 1479 1235 1534 contra
1255 1466 1360 1533 Sacris
1390 1468 1488 1534 avitis
1511 1467 1682 1547 addictos,
1709 1491 1742 1534 se
1762 1470 1997 1539 abscondidisse
2024 1474 2076 1539 rel
2097 1474 2247 1553 latuisse,
2278 1500 2331 1545 res

643 1593 712 1681 ipsa
734 1589 840 1658 docet.
888 1588 1020 1677 Raptim
1039 1588 1222 1674 Imperator
1239 1586 1370 1675 singula·
1383 1585 1615 1675 perlustravit,
1639 1596 1673 1652 et
1691 1584 1892 1654 festinantius
1910 1588 1950 1655 de
1971 1592 2008 1655 iis
2027 1590 2203 1678 judicavit.-

690 1707 879 1783 Vamscus,
903 1704 1137 1796 imperantibus
1157 1702 1360 1771 Diocletiano
1382 1717 1416 1771 et
1434 1704 1650 1784 Maximiano,
1669 1706 1762 1771 annis
1791 1706 1968 1773 set-305
1992 1707 2330 1796 regnantibus,·scri·

645 1825 746 1902 bons,
769 1824 811 1889 de
835 1823 1043 1890 samaritanis
1073 1822 1135 1888 hoc
1163 1824 1220 1887 sui
1247 1834 1351 1887 aetate
1384 1820 1521 1908 (ibidem
1544 1822 1644 1911 paulo
1663 1824 1751 1907 ante)
1779 1833 1912 1889 testatus
1934 1834 2002 1891 est:
2028 1846 2050 1889 n
2065 1822 2178 1905 Sunt,
2201 1826 2330 1915 inquit,

646 1942 850 2031 »Aegyptii
860 1944 990 2006 -ciri
1008 1942 1162 2015 ventosi,
1176 1938 1371 2025 finibundi
1385 1986 1396 2017 ,
1410 1940 1591 2026 jactantes
1606 1940 1803 2027 ,injuriosi
1812 1987 1821 2018 ,
1839 1949 1944 2027 atque
1964 1940 2051 2006 adeo
2073 1947 2180 2023 uani,
2205 1945 2330 2021 liberi,

647 2081 844 2125 ›rnouarum
864 2079 980 2123 rerum
1001 2076 1108 2144 usque
1129 2055 1180 2121 ad
1195 2058 1394 2122 cantilenas
1406 2056 1573 2147 pssdlicas
1598 2062 1774 2147 cupientes
1786 2104 1796 2136 ,
1808 2057 2333 2147 versificatores,epigramma·

646 2178 791 2254 nterii,
808 2176 1071 2251 mathematici,
1088 2177 1296 2260 aruspices,
1318 2174 1459 2242 medici.
1507 2173 1591 2241 «lam
1614 2184 1649 2239 et
1672 2174 1874 2243 Christiani
1889 2174 1927 2261 jet
1939 2173 2145 2241 Samaritae
2164 2177 2226 2262 (sic
2249 2178 2335 2243 'enirn

573 2284 580 2313 '
647 2306 682 2357 ut
702 2292 782 2359 Jtc.
807 2273 1059 2358 &ornaremus
1085 2300 1172 2355 recte
1191 2290 1338 2366 monuit,
1361 2289 1532 2379 legendum
1552 2305 1599 2359 est
1616 2313 1676 2380 pro
1706 2290 1830 2380 vulgari
1849 2314 1929 2357 nam
1959 2300 1993 2355 ct
2016 2291 2240 2371 Christiani,
2265 2293 2336 2361 Sa·

646 2414 801 2475 maritae
822 2408 890 2494 et),
917 2406 1072 2496 aquilus
1082 2410 1293 2497 praesentia
1316 2424 1452 2496 semper
1473 2416 1628 2496 tempora
1656 2430 1730 2472 cum
1749 2414 1882 2475 enormi
1899 2408 2061 2473 libertate
2081 2408 2333 2497 displiceant.”

645 2525 684 2592 ld
699 2538 767 2593 est:
795 2525 947 2614 Aegyptii
969 2532 1050 2591 ante
1062 2526 1132 2613 jam
1148 2523 1234 2592 leres
1257 2537 1373 2605 erant,
1397 2537 1430 2591 et
1447 2522 1610 2601 seditiosi,
1635 2525 1734 2613 magis
1750 2546 1825 2591 vero
1852 2538 2039 2615 corruptum
2060 2539 2109 2593 est
2137 2550 2249 2601 eorum
2278 2528 2334 2593 ins

646 2644 798 2731 genium,
818 2654 991 2731 postquem
1010 2640 1185 2711 christinus
1204 2653 1238 2708 et
1260 2642 1450 2709 samaritana
1460 2642 1587 2733 Religio
1606 2643 1690 2708 iuter
1709 2663 1763 2709 cos
1784 2655 1958 2731 propagata
1972 2658 2032 2709 est.
2070 2644 2128 2709 llis
2144 2644 2230 2709 enim
2248 2664 2335 2709 nunc

647 2758 745 2825 ctiam
761 2758 913 2847 Aegyptii
936 2769 1102 2848 praeterea
1127 2759 1246 2825 similes
1265 2758 1385 2826 redditi
1408 2772 1481 2827 sunt
1501 2760 1564 2848 (1).

691 2872 968 2942 Samaritanorum
1001 2877 1223 2963 aegyptiorum
1253 2874 1396 2938 conditio
1428 2876 1489 2941 sub
1520 2874 1618 2941 finem
1658 2876 1757 2941 seculi
1782 2875 1811 2941 4³
1834 2878 1919 2967 Lege
1951 2878 2152 2954 illustratur,
2187 2877 2339 2942 sTheo-

647 2991 740 3057 dosio
759 3013 875 3081 magua
896 2990 961 3060 lati
981 3014 1066 3059 enno
1079 2996 1157 3060 390.
1191 2993 1432 3062 »ludaeorum
1452 2992 1512 3078 (sic
1531 2994 1578 3059 ibi
1600 2990 1730 3079 legitur)
1751 3012 1878 3081 carpus
1897 3016 1940 3059 ac
1962 2992 2269 3059 Samaritanorum
2286 2995 2337 3058 ad

649 3133 672 3174 u
680 3110 942 3176 naviculariam
951 3110 1173 3197 functionem
1193 3131 1262 3176 non
1276 3112 1364 3198 jure
1383 3115 1507 3177 uocari
1521 3109 1949 3199 cognoscitursquidquid
1969 3114 2059 3175 enim
2079 3115 2241 3177 uniuerso
2254 3132 2336 3177 aar·

650 3231 765 3315 »pori
780 3226 921 3293 uidetur
939 3228 1056 3296 indici
1069 3276 1079 3307 ,
1094 3229 1229 3295 nullam
1249 3230 1456 3318 specialiter
1463 3234 1582 3319 potest
1603 3225 1762 3316 obligare
1782 3248 1989 3315 personam:
2011 3228 2116 3308 unde,
2139 3233 2232 3293 sicut
2254 3233 2337 3294 ino-

651 3367 760 3434 npes,
783 3343 979 3433 vilibusque
1007 3350 1222 3413 commerciis
1253 3351 1433 3435 occupati,
1464 3345 1711 3411 naviculariae
1740 3346 1991 3410 translationis
2008 3367 2129 3411 munus
2152 3347 2247 3410 obire
2270 3367 2338 3410 non

651 3485 673 3527 u
686 3462 826 3542 delent,
850 3467 904 3527 ita
924 3463 1067 3529 idoneos
1078 3464 1342 3548 facultatibus,
1361 3467 1424 3550 qui
1445 3485 1488 3528 en
1508 3464 1566 3527 lsis
1589 3462 1792 3552 corporibus
1812 3464 1929 3552 deligi
1946 3473 2136 3552 poterunt,
2163 3463 2214 3530 ad
2226 3485 2337 3553 prae·

653 3603 675 3644 »
685 3580 816 3644 dictam
828 3581 1044 3662 functionem
1064 3582 1189 3644 haberi
1208 3601 1276 3644 non
1297 3587 1433 3667 oportet
1449 3585 1652 3647 immunes.”

699 3698 726 3760 t
750 3693 922 3762 Genusum
945 3695 994 3780 (2)
1018 3693 1098 3760 haec
1118 3695 1183 3761 Ler
1204 3717 1374 3785 perperam
1397 3697 1535 3761 refertur
1555 3695 1595 3761 sd
1615 3695 1830 3762 Samaritanae
1847 3700 1879 3762 in
1895 3696 2099 3776 Occidente,
2119 3712 2152 3765 et
2172 3701 2205 3764 in
2226 3701 2338 3789 primis

658 3811 964 3902 Constantinopoli
984 3811 1139 3880 sinentes.
1186 3814 1380 3880 Inscribitur
1410 3814 1494 3880 euim
1526 3813 1751 3893 Alexandro,
1775 3815 1962 3901 Praefecto
1987 3816 2197 3906 Augustali,
2225 3817 2259 3884 id
2289 3830 2340 3886 est

654 3932 827 4020 Aegypti,
850 3931 920 3997 sire
936 3927 1192 3996 Alexandrino.

698 4049 748 4115 lli
764 4046 825 4114 hec
843 4059 952 4116 autem
974 4048 1062 4138 Lege
1084 4048 1293 4116 manifestum
1316 4063 1386 4128 est,
1419 4048 1634 4116 Samaritanus
1663 4052 1784 4138 pariter
1815 4063 1911 4141 atque
1943 4050 2083 4118 ludaeos
2112 4049 2276 4138 aegyptios
2300 4068 2341 4114 eo

655 4166 754 4232 etism
775 4176 921 4256 tempore
942 4177 1154 4234 mercaturam
1175 4165 1310 4244 secuse,
1333 4165 1413 4230 elios
1439 4165 1602 4232 lem'arem
1614 4213 1624 4244 ,
1648 4188 1786 4255 quorum
1816 4190 1874 4234 res
1901 4183 1969 4236 esst
1989 4173 2166 4256 angustat
2192 4167 2341 4254 amplia·

655 4306 728 4348 rem
750 4305 824 4350 rere
845 4283 944 4362 alios,
969 4305 1108 4373 quorum
1130 4285 1230 4350 lauta
1251 4295 1319 4350 erut
1341 4282 1498 4349 conditio.
1548 4282 1640 4360 Illi,
1654 4295 1696 4372 ‘ut
1714 4285 1774 4350 ltoi
1796 4283 2026 4361 naviculariae,
2049 4281 2224 4372 prudenter
2243 4305 2316 4348 sane
2328 4331 2338 4362 ,
2368 4343 2373 4354 ,

656 4406 823 4464 immunes
851 4388 1075 4478 declarantur,
1100 4401 1145 4466 ita
1170 4402 1211 4466 ts·
1241 4401 1282 4466 sd
1313 4423 1384 4467 eam
1412 4398 1582 4490 gerendam
1606 4399 1796 4488 judicantur
1815 4399 2054 4487 facultatibus
2082 4398 2211 4469 idonei.
2259 4399 2342 4467 Gra-2

657 4519 728 4582 aias
752 4516 840 4583 euim
860 4513 961 4582 hocce
987 4539 1105 4584 munus
1126 4529 1215 4598 erut,
1240 4541 1335 4608 quam
1358 4529 1396 4584 ut
1413 4518 1561 4584 omnibus
1589 4518 1656 4584 siue
1680 4518 1862 4584 discrimine
1888 4518 2047 4585 committi
2064 4527 2193 4606 posset,
2219 4518 2341 4606 quippe

660 4635 748 4724 quod
771 4634 1001 4702 Navicalarii
1021 4633 1160 4703 civitatis
1186 4637 1317 4705 nomine
1349 4659 1445 4704 onera
1471 4637 1601 4727 quaevis
1626 4655 1770 4701 annonae
1793 4635 1967 4704 aliarumve
1990 4656 2097 4701 rerum
2124 4633 2157 4699 in
2182 4634 2341 4712 naribus,

683 4807 921 4827 Μ

700 4908 745 4983 (1)
766 4906 855 4981 coott,
874 4907 954 4966 Hirt.
972 4906 1051 4985 Aog.
1073 4907 1249 4988 Scriptores,
1270 4908 1408 4988 iuliisque
1426 4905 1540 4965 Vorrscr
1564 4905 1635 4964 Vita
1646 4905 1813 4988 Saturnini,
1834 4903 1888 4964 c8
1903 4911 1929 4963 et
1947 4903 1983 4970 7:
2004 4903 2156 4966 Castuson.
2179 4907 2208 4967 in
2227 4909 2287 4966 noti
2310 4905 2342 4965 ad

664 5007 790 5070 Titulum
805 5007 901 5086 Operis
908 5006 1076 5086 Vopiscianis
1097 5009 1251 5068 Sssussrm
1264 5008 1298 5067 ad
1308 5007 1363 5068 vit.
1377 5009 1487 5066 Satura.
1507 5025 1530 5064 a
1541 5004 1586 5076 8,·
1597 5006 1656 5067 lac.
1672 5005 1817 5076 Gonnum.
1829 5007 1857 5064 in
1878 5005 1947 5065 nolis
1965 5005 1998 5065 sd
2016 4995 2049 5066 Ϊ..
2065 5005 2110 5066 18.
2128 5009 2193 5066 Unel.
2208 5007 2342 5064 Plsodos.

658 5111 693 5170 de
709 5109 836 5170 Nsricnl.
856 5107 951 5185 (xtlt.
970 5109 1022 5183 5);
1044 5116 1071 5170 el
1088 5111 1209 5171 Forsan.
1229 5111 1362 5181 lliirruu,
1385 5109 1434 5167 der
1453 5105 1591 5167 Jis'disclc
1611 5107 1705 5184 Krieg
1724 5115 1806 5164 anter
1832 5107 1884 5166 den
1911 5109 2039 5168 Kaisern
2063 5107 2172 5182 Trajan
2196 5106 2254 5163 uud
2278 5107 2344 5163 Ha-

659 5212 760 5284 drian,
783 5209 957 5289 tltotLipo.
979 5209 1065 5272 1821.
1082 5209 1126 5270 8⁰.
1146 5229 1176 5288 p.
1188 5207 1301 5290 limo.
1333 5202 1337 5208 ⁴
1506 5207 1548 5286 (l)
1573 5203 1684 5270 Collect.
1702 5225 1729 5285 p.
1744 5205 1800 5282 22,
1820 5207 1871 5272 2³.
