5467 6500
1344 819 1723 897 ...oo-...·

694 1017 866 1108 Templum
880 1003 983 1109 'igitur
998 1015 1224 1084 samaritanum
1235 973 1288 1095 ',a
1302 1009 1454 1082 iohanne
1471 1009 1621 1098 Hyrcano
1642 1031 1726 1078 anno
1741 1013 1803 1080 139
1821 1011 2039 1094 devastatum,
2065 1035 2123 1103 per
2143 1019 2206 1082 193
2227 1040 2322 1084 annos

520 1131 524 1139 “
651 1141 714 1204 luit
738 1149 909 1226 superstes.
956 1137 1045 1221 Quae
1067 1133 1224 1201 sententia
1240 1143 1299 1210 ut,
1318 1129 1346 1196 si
1362 1137 1447 1195 ante
1464 1128 1730 1210 diminuentur,
1752 1115 1931 1196 verisimilis
1942 1143 2004 1209 est.
2029 1134 2073 1199 ita
2091 1135 2238 1222 iusuper,
2263 1157 2326 1201 uon

652 1279 748 1322 unam
771 1256 813 1321 ob
835 1276 983 1332 earam,
1006 1263 1153 1318 nonaum
1172 1260 1400 1328 memoratam,
1425 1271 1457 1316 se
1480 1249 1693 1316 commendat.

695 1375 912 1442 Samaritanus
931 1393 996 1436 non
1017 1387 1189 1447 curamus,
1226 1369 1258 1434 iu
1280 1367 1382 1433 Libro
1405 1367 1524 1435 iosuae
1550 1347 1749 1444 fabulantes,
1775 1367 1921 1434 Josuanr
1954 1369 2033 1436 illud
2057 1373 2328 1467 Templumpost

648 1493 895 1568 Palaestinam
917 1496 1152 1578 expugnatam
1170 1487 1384 1553 condidisse.
1432 1469 1503 1553 fluo
1524 1497 1648 1570 tantum
1667 1484 1839 1565 miramur,
1865 1510 1980 1554 nomen
1998 1491 2206 1572 Manassis,
2230 1498 2327 1585 primi

648 1633 762 1678 eorum
781 1608 969 1686 Pontificio,
995 1607 1037 1672 ab
1057 1605 1096 1671 iis
1108 1627 1173 1670 uon
1186 1617 1400 1671 memoratum
1412 1625 1500 1683 esse,
1524 1601 1584 1668 uisi
1605 1612 1781 1682 statuatur,
1797 1601 1885 1671 aliud
1902 1629 1974 1672 eum
1989 1611 2190 1696 Pontificem
2212 1637 2326 1684 nomen

658 1729 870 1797 assumsisse..
899 1727 971 1813 Quo
991 1725 1122 1814 posito,
1147 1723 1316 1789 observatu
1336 1720 1469 1809 dignum
1495 1733 1543 1787 est
1566 1720 1653 1809 quod
1674 1720 1715 1786 de
1733 1721 1846 1812 Hinqti
1864 1723 2037 1807 Familiae,
2062 1731 2266 1798 Alexandri
2286 1760 2330 1800 m.

649 1850 816 1937 nepoti,
840 1847 874 1911 iu
888 1843 1049 1913 Gbrouieo
1060 1840 1438 1917 buu’u·rarh1traditur
1452 1841 1500 1926 (1)
1517 1887 1526 1917 ,
1549 1841 1653 1928 ipsum
1671 1860 1786 1930 nempe
1798 1842 1940 1928 hymnos
1953 1868 2075 1912 saeros
2085 1859 2326 1939 composuisse.

604 2045 609 2050 ⁸
649 1967 712 2033 llio
735 1966 851 2055 igitur,
877 1963 1008 2029 siidern
1028 1961 1069 2027 ait
1085 1972 1182 2050 atque
1202 1957 1370 2038 Manasse,
1394 1960 1483 2047 isque
1502 1955 1634 2023 Cultum
1657 1979 1781 2024 sacrum
1798 1959 1886 2026 Ritui
1898 1962 2032 2049 judaieo
2052 1973 2326 2036 accommodatum

650 2082 873 2160 constituerit,
898 2080 993 2169 hujus
1014 2077 1195 2144 traditionis
1220 2077 1336 2168 origo,
1361 2075 1486 2142 collatis
1509 2077 1654 2142 luerent
1677 2075 1793 2156 dietis,
1818 2083 1983 2149 manifesta
2005 2097 2065 2152 est.

696 2202 926 2268 Existimaruut
938 2197 1026 2263 haud
1044 2199 1140 2286 pauoi
1160 2176 1330 2285 Templum
1348 2195 1429 2262 illud
1452 2203 1581 2261 eentum
1602 2197 1748 2264 circiter
1766 2204 1872 2265 annis
1888 2210 1968 2266 ante
1994 2203 2161 2270 eonditum
2181 2230 2248 2273 esse
2270 2211 2329 2273 sub

642 2319 914 2410 ,DareoNotlm
938 2317 978 2381 ab
999 2338 1083 2382 anno
1102 2318 1279 2381 rue-404
1299 2324 1452 2402 regnante
1469 2313 1531 2399 (2)
1579 2313 1641 2398 Qui
1657 2312 1739 2379 haue
1758 2327 1889 2384 tuentur
1907 2322 2116 2402 sententiam,
2142 2303 2331 2414 nobisobji-

624 2405 766 2517 ⁴eruut,
792 2458 856 2503 non
876 2434 1050 2507 uerisimile
1070 2455 1159 2513 ease,
1194 2432 1281 2498 dnos
1301 2431 1497 2508 Palaestinae
1518 2431 1699 2497 Praefectos
1721 2433 1836 2514 fuisse,
1869 2435 1955 2502 idem
1979 2435 2185 2506 Saniallati
2213 2467 2329 2510 nomen

648 2570 806 2645 gerentes.
853 2551 1091 2644 Atreputeut
1069 2575 1092 2617 rr
1115 2553 1315 2640 frequentem
1332 2549 1518 2616 eorumdem
1538 2550 1705 2618 nominum
1724 2571 1817 2616 usum
1830 2562 1897 2618 tum
1916 2575 1972 2642 pur
1993 2577 2120 2623 ornnem
2134 2531 2328 2641 Historiam,

632 2695 718 2740 -tunr
740 2678 774 2740 in
798 2671 931 2740 Oriente
953 2673 1113 2758 maxime,
1148 2692 1247 2760 quare
1267 2668 1421 2735 multos
1412 2682 1471 2734 rste
1492 2690 1663 2735 consensus
1689 2670 1822 2734 minime
1846 2687 1988 2738 moratus
2013 2689 2061 2741 est
2084 2677 2147 2765 (3).
2196 2678 2329 2745 Gravius
2450 2695 2455 2702 “

650 2806 698 2857 est
717 2805 939 2879 argumentum
963 2811 1000 2853 er
1022 2790 1202 2854 erroneus
1220 2789 1382 2874 petitum,
1409 2788 1441 2852 in
1464 2809 1543 2875 quos
1560 2788 1757 2866 duarenus,
1783 2789 1817 2854 in
1838 2789 1980 2857 Historiis
1993 2793 2129 2884 Regum·
2136 2799 2331 2886 persicorum

650 2909 726 2976 alibi
745 2907 883 2986 incidit,
918 2916 951 2969 et
972 2925 1053 2993 quos
1069 2906 1165 2969 etiarn
1183 2903 1367 2977 commisit,
1391 2901 1424 2965 in
1438 2899 1498 2965 hae
1517 2903 1658 2968 Historii
1672 2924 1745 2969 oum
1762 2905 1858 2970 Dario
1875 2907 1984 2974 Notbo
1999 2909 2129 2978 Darium
2151 2913 2331 2982 codoman-

650 3050 726 3094 nuru
750 3021 962 3108 contundens,
971 3021 1034 3109 (4)
1068 3019 1329 3092 Effioaoissimum
1339 3041 1414 3084 saue
1425 3017 1525 3085 hoece
1538 3018 1671 3085 dubium
1683 3033 1784 3100 esset,
1797 3021 1921 3090 collatis
1930 3025 2060 3116 insuper
2070 3029 2126 3104 iis,
2148 3053 2230 3120 quae
2241 3056 2274 3123 p.
2288 3039 2331 3100 83

650 3145 710 3234 ipsi
724 3145 961 3210 observavimus
975 3191 984 3221 ,
1010 3140 1036 3206 si
1056 3139 1229 3207 duarenus
1240 3135 1368 3226 Templi
1379 3135 1502 3202 conditi
1515 3137 1732 3203 narrationem
1741 3160 1814 3206 oum
1826 3142 1905 3204 soli
1913 3142 2056 3229 persicae
2069 3145 2228 3214 Historiae
2243 3174 2333 3218 meu·

594 3311 601 3321 ·
649 3267 738 3331 tione
748 3264 939 3353 copulasset.-
988 3258 1071 3334 Cum
1090 3256 1147 3322 illi
1164 3278 1240 3322 uero
1252 3256 1330 3321 alias
1342 3245 1510 3344 conjunxit
1522 3279 1572 3323 res
1584 3272 1706 3347 gestas,
1734 3252 1868 3346 Tyriet
1885 3260 2003 3327 Gazae
2022 3262 2332 3357 expugnationem,

626 3387 628 3390 ’
649 3395 682 3449 et
706 3380 954 3449 celeberrimum
968 3383 1086 3443 nomeu
1109 3374 1324 3445 Alexandri.
1373 3372 1617 3463 Quodammodo
1639 3376 1672 3441 id
1693 3378 1824 3471 repsisse
1836 3378 1964 3445 ridetur
1981 3381 2156 3449 Pururrux
2179 3386 2252 3472 (5),
2279 3395 2334 3455 at-

652 3512 763 3567 teram
776 3502 879 3568 Gazae
899 3495 1167 3587 expugnationem
1186 3495 1245 3559 sub
1263 3494 1361 3560 Dario
1380 3492 1489 3562 Notho
1509 3507 1628 3562 temere
1647 3494 1788 3587 fingens!
1836 3496 1988 3565 Attamen
2009 3520 2049 3567 ne
2064 3502 2114 3567 sel
2133 3505 2179 3570 sio
2197 3506 2337 3575 difficul-

654 3633 700 3687 tas
720 3618 870 3696 toffitur,
895 3640 933 3683 er
959 3615 1049 3701 tyn·
1069 3614 1236 3681 obsidione
1256 3611 1418 3691 oriunda,
1449 3618 1520 3701 qna
1542 3604 1802 3705 opportunitate
1818 3614 1994 3683 Sanballat
2016 3618 2055 3685 ad
2068 3620 2283 3695 Alexandrum
2301 3654 2333 3697 se

655 3708 845 3812 conferens,
868 3730 997 3821 Templi
1018 3728 1209 3795 aedificandi
1229 3730 1354 3796 reniam
1377 3731 1573 3822 impetrarit.
1621 3732 1721 3822 Cujus
1749 3735 1797 3802 rei
1817 3737 1990 3815 memoria,
2015 3740 2090 3826 qnia
2111 3762 2182 3807 uum
2207 3751 2335 3817 nomine

655 3856 734 3922 adeo
751 3854 839 3919 claro
857 3850 1008 3939 copulata
1029 3862 1119 3929 erat,
1143 3854 1238 3915 inter
1258 3847 1414 3916 Iudaeos
1433 3849 1520 3918 haud
1533 3851 1626 3919 facile
1645 3854 1679 3917 in
1692 3852 1886 3919 oblivionem
1901 3878 2031 3945 prorsus
2051 3857 2138 3925 abire
2156 3867 2312 3951 potuisset
2323 3916 2333 3947 ,

656 3975 754 4041 etiarn
772 3973 798 4037 si
823 3970 856 4035 iu
876 3967 1070 4036 Pontificum
1091 3967 1271 4037 Annalibus
1290 3960 1359 4061 ipsa
1382 3992 1447 4038 nou
1469 3969 1587 4037 tradite
1609 3970 1733 4039 fuisset.
1781 3974 1864 4041 Nam
1888 3977 1954 4042 sola
1978 3998 2089 4063 eausa,
2114 4002 2172 4045 eur
2191 3982 2268 4048 bueo
2285 4008 2334 4053 res

657 4119 674 4160 a
694 4092 960 4166 Samaritanus,
983 4109 1061 4155 aero
1085 4086 1197 4153 saltem
1215 4088 1416 4179 ressutiqre‚
1440 4112 1504 4155 non
1517 4101 1639 4159 serrata
1658 4090 1719 4169 sit,
1742 4092 1775 4156 iu
1794 4099 2005 4161 auctoritate
2023 4110 2215 4185 quaeratur,
2241 4126 2336 4197 quam

557 4219 561 4225 ’
657 4212 765 4279 fabula
786 4210 827 4275 de
851 4207 987 4297 Templi
1004 4208 1218 4295 antiquitate
1238 4218 1330 4272 nauta
1346 4207 1411 4301 sit,
1437 4229 1518 4299 quae
1537 4208 1677 4276 studiose
1699 4207 1794 4291 olim,
1819 4234 1855 4279 ao
1872 4213 2025 4313 facillime
2046 4226 2133 4281 certo
2155 4232 2226 4309 post
2240 4223 2336 4289 Tam·

657 4328 749 4418 plum
764 4348 906 4396 eversum
926 4327 1011 4391 iuter
1032 4345 1087 4391 eos
1106 4338 1283 4418 propagata
1302 4338 1361 4393 eat.

701 4618 748 4693 (li
767 4614 848 4677 viad.
867 4617 943 4677 Arta
961 4616 1102 4697 ltpatt.
1117 4638 1146 4698 p.
1169 4616 1226 4678 169
1243 4638 1298 4699 seq.
1339 4619 1375 4680 Iu
1389 4620 1483 4683 eodem
1501 4622 1639 4685 Chronico
1657 4624 1742 4701 (nrt.
1764 4624 1946 4703 fragmentum
1958 4627 2059 4687 editum
2079 4650 2092 4687 a
2111 4620 2287 4699 Scarruareo
2307 4642 2334 4702 in

663 4720 706 4781 tr.
722 4720 834 4798 Repeet.
853 4716 868 4777 f
879 4761 888 4790 ‚
912 4739 939 4797 p.
963 4718 1033 4796 120)
1059 4720 1132 4780 iuter
1149 4719 1262 4801 flirqiae
1279 4722 1402 4803 aequales
1421 4730 1529 4785 tanturn
1549 4732 1716 4785 memoratur
1730 4723 1865 4784 lionam
1891 4727 2017 4805 quidam,
2050 4728 2166 4809 Legatos
2190 4738 2285 4801 rnissus
2304 4742 2337 4805 ad

667 4796 853 4880 Ptolemaeum
875 4817 959 4898 lapi,
982 4820 1016 4879 ie
1004 4818 1105 4901 'verul
1123 4840 1179 4881 uon
1197 4828 1310 4882 roeatur
1337 4824 1496 4897 Pontifex,
1523 4823 1569 4884 sed
1591 4825 1688 4919 [mii
1709 4832 1813 4899 mia,
1834 4826 1985 4896 Menan
2008 4828 2068 4889 Vir
2080 4834 2220 4914 princeps.

705 4926 749 4999 (2)
769 4926 814 4986 Sis
828 4932 979 4987 statuerunt
996 4928 1142 4990 Paruarur
1162 4928 1267 5005 (itt,
1287 4930 1386 5009 poue
1407 4952 1493 5013 seqq,
1512 4928 1640 4993 mutuo
1662 4942 1762 5015 seqq).
1785 4934 1858 4995 Jran
1876 4932 1963 5013 tutti.
1983 4937 2183 5019 Areiiologre.
2197 4946 2288 5009 lle.
2300 4914 2343 5027 'l

665 5025 787 5109 pm),
807 5040 931 5087 rarum
947 5024 1026 5089 Para
1048 5025 1157 5109 (leel
1174 5026 1288 5120 eoorde
1309 5026 1432 5109 lengi,
1451 5028 1762 5117 rom.xv11,p.‚15)
1784 5032 1836 5092 alii.

707 5126 750 5203 fi)
771 5124 831 5185 vid.
847 5122 982 5187 erman
994 5126 1135 5206 Euareia,
1156 5144 1175 5212 p
1193 5126 1229 5188 21
1247 5112 1364 5209 seq.

709 5223 920 5305 ninam.
940 5222 1011 5291 ra
1288 5244 1291 5247 ⁴
1372 5220 1385 5245 “
1476 5228 1618 5307 (strar
1651 5229 1759 5310 psat.
