5467 6500
428 1083 514 1151 enim
527 1079 595 1170 ejus
606 1072 823 1159 ,Adiabenos
835 1070 910 1142 Rex
920 1068 997 1140 licet
1008 1068 1203 1163 appelletur,
1215 1092 1282 1141 non
1290 1069 1489 1145 Adr'alenes
1500 1071 1627 1143 ineolis
1638 1082 1763 1143 tanturn
1777 1072 1957 1162 constabat,
1968 1090 2002 1151 et
2012 1078 2114 1151 Adia·

429 1199 512 1266 bene
529 1198 597 1288 ipsa
613 1216 677 1262 nou
694 1193 770 1265 solis
790 1196 832 1261 to
844 1188 1007 1259 'l'ribubus
1024 1202 1102 1258 tunc
1117 1188 1322 1279 frequentata
1336 1191 1438 1261 fuisse
1457 1189 1597 1265 ridetur.
1632 1193 1845 1261 Graecorum
1863 1197 1932 1264 sine
1948 1195 2047 1266 dubio
2059 1251 2068 1279 ,
2079 1212 2114 1269 et

428 1316 563 1381 aliorum
580 1314 771 1381 limenorum
790 1330 943 1377 numerus
965 1308 1012 1377 ibi
1034 1328 1224 1397 permagnus
1248 1306 1325 1380 tuit.
1377 1308 1419 1377 ltt
1446 1307 1582 1376 sortasse
1603 1330 1668 1377 non
1696 1311 1754 1377 lsr's
1776 1323 1901 1381 tantum
1923 1312 2116 1405 displicebat

424 1428 653 1509 circumcisio,
677 1424 732 1496 sed
752 1426 873 1493 multia
895 1426 974 1494 item
996 1426 1044 1491 10
1067 1422 1231 1493 Triduum
1248 1427 1425 1514 posteris,
1447 1423 1505 1513 qui
1525 1436 1668 1494 ceterum
1694 1426 1892 1497 ludaeorum
1916 1430 2116 1523 Religionem

426 1544 715 1636 amplectebantur.
759 1543 842 1613 Nam
856 1542 950 1632 Regis
970 1538 1022 1605 ud
1041 1537 1264 1607 Jssdaismum
1283 1545 1463 1609 conversio
1484 1541 1643 1633 populum
1663 1566 1728 1612 non
1747 1542 1826 1613 adeo
1847 1544 2013 1616 offendisse
2035 1548 2116 1615 dici·

427 1675 505 1743 tur,
529 1659 585 1728 sed
609 1661 678 1749 ipsu
697 1663 934 1727 circumcisio.
967 1658 1057 1746 Quae
1074 1656 1133 1725 sia
1152 1657 1263 1725 multis
1279 1658 1327 1725 ibi
1344 1654 1490 1747 neglecta
1510 1656 1594 1740 luit,
1614 1682 1708 1728 causa
1727 1674 1775 1729 est
1791 1662 1824 1727 iu
1843 1674 1996 1754 promtu,
2018 1686 2117 1754 quara

426 1790 520 1868 turpe
550 1776 862 1867 Praepule'ulorum
891 1795 1010 1843 nomeu
1032 1774 1093 1855 iis,
1124 1786 1161 1843 ut
1188 1774 1350 1855 uidimus,
1371 1796 1390 1843 ι
1410 1773 1544 1844 ludaeis
1567 1774 1748 1849 detumuit.
1795 1780 1838 1847 Et
1858 1777 1938 1847 baec
1961 1783 2118 1847 sententia

425 1894 605 1962 illustratur
633 1894 734 1974 item,
766 1904 800 1961 et
823 1891 923 1982 magis
951 1890 1098 1981 profecto
1131 1889 1375 1959 commendatur
1386 1907 1398 1972 ,¹
1427 1893 1453 1959 si
1477 1892 1677 1962 ludaeorum
1704 1894 1879 1963 Historiam
1909 1896 2118 1967 consulimus.

425 2012 530 2100 Major
547 2009 635 2077 enim
655 2008 771 2077 horum
783 2006 935 2077 Exsulum
951 2028 1045 2098 pars,
1057 2006 1179 2097 graecis
1197 2006 1342 2077 moribus
1359 2006 1588 2089 assuefacta,a
1607 2011 1849 2081 circumcisione
1869 2012 1990 2101 pariter
2010 2034 2116 2080 auersa

425 2128 521 2195 luisse
543 2125 694 2206 ridetur,
716 2137 813 2217 atque
830 2123 950 2193 ludaei
968 2128 1202 2215 ἑλληνίζοντες,
1217 2126 1297 2216 qui,
1315 2123 1480 2193 Antiocho
1501 2124 1661 2217 epiphane
1681 2140 1856 2217 regnante,
1876 2149 1916 2194 ue
1935 2140 2117 2196 externam

424 2240 625 2311 ludaeorum
641 2253 750 2308 notem
771 2253 940 2333 gererent,
960 2250 1159 2335 ἐπισπασμόμ
1180 2242 1402 2312 instituerunt.
1447 2240 1555 2311 Simili
1576 2243 1674 2333 igitur
1693 2242 1813 2323 modo,
1836 2265 1901 2334 quo
1922 2243 1959 2311 hi
1979 2245 2114 2327 Judaei,

424 2359 471 2425 sic
491 2358 515 2425 ii
534 2355 698 2426 israelitae
724 2358 956 2442 Mosaismum,
978 2376 1135 2453 quantum
1150 2362 1221 2429 lieri
1241 2357 1409 2452 potuerit,
1425 2378 1500 2426 cnm
1524 2358 1811 2428 consuetudinibus
1831 2373 1864 2429 et
1884 2361 2113 2453 opinionibus,

419 2487 501 2541 tunc
530 2472 691 2564 receptis,
727 2473 900 2544 conciliare
927 2479 1122 2550 studuerint.
1179 2476 1273 2547 Nihil
1302 2477 1389 2546 edim
1413 2474 1567 2565 impedit,
1603 2476 1776 2568 quominus
1798 2488 1995 2561 statuemus,
2014 2517 2060 2535 -
2083 2494 2119 2547 et

422 2615 499 2661 rere
527 2591 658 2659 collatio
683 2590 802 2672 sortis,
826 2615 923 2683 quam
951 2595 1135 2687 Religiones
1154 2594 1219 2662 alio
1240 2593 1431 2673 translatae,
1456 2594 1557 2659 rarius
1583 2592 1625 2658 ob
1645 2614 1753 2660 causas
1774 2594 1869 2683 vulgo
1888 2618 1998 2685 passae
2019 2609 2115 2676 suut,

417 2723 460 2775 ‘ut
482 2711 527 2775 sic
553 2721 748 2787 statuemus,
772 2708 937 2797 postulat,
958 2747 1002 2765 -
1023 2712 1231 2779 blosa’ismum
1251 2711 1338 2777 iuter
1359 2712 1401 2778 10
1423 2729 1475 2777 ear
1498 2706 1617 2775 Tribus
1637 2722 1871 2799 propagatum,
1902 2735 1967 2780 non
1998 2714 2117 2781 immu-

420 2849 497 2893 nem
529 2824 626 2892 iuisse
654 2823 835 2904 efficaciae,
855 2846 952 2915 qnam
972 2827 1006 2893 in
1027 2827 1131 2917 ipsum
1150 2828 1329 2895 exercuerit
1352 2828 1446 2915 priua
1465 2822 1579 2891 harum
1604 2824 1741 2897 indoles.
1781 2826 1869 2895 llaec
1890 2830 1975 2897 euim
1998 2832 2029 2898 ui
2051 2834 2115 2899 ob·

421 2942 517 3010 noxia
536 2952 605 3009 erat
627 2951 697 3007 tum
718 2939 909 3009 Exterorum
923 2971 943 3024 ,·
956 2944 1014 3034 qui
1030 2944 1064 3012 in
1083 2942 1198 3012 mediis
1219 2945 1258 3011 iis
1276 2943 1505 3023 terrebantur,
1532 2955 1601 3010 tum
1620 2942 1717 3010 etiam
1740 2942 1918 3012 vicinarum
1941 2946 2091 3015 Gentium
2103 2980 2117 3028 ,¹

421 3058 589 3127 Persarum
609 3057 642 3123 in
660 3056 796 3147 primis,
818 3079 959 3148 qnorum
983 3059 1146 3157 cogitandi
1171 3064 1254 3129 ratio
1277 3084 1308 3133 t.
1329 3083 1360 3131 c.
1383 3061 1418 3126 in
1440 3060 1517 3149 ipsa.
1532 3059 1669 3126 maxime
1692 3059 1840 3127 orientali
1861 3061 2005 3131 Ecclesii
2026 3062 2116 3131 chri·

423 3178 526 3242 stiaud
550 3172 660 3241 turbas
679 3173 759 3241 adeo
784 3175 902 3241 multas
931 3188 1043 3267 postea
1070 3177 1233 3245 excitarit.
1290 3176 1513 3245 Ablosa'ismo
1541 3173 1641 3244 hocce
1668 3174 1895 3261 liberaliore,
1930 3192 1967 3247 ut
2001 3180 2112 3271 ajunt,

422 3291 545 3362 llelenr
577 3291 717 3383 Regina,
747 3291 816 3358 tilio
846 3293 1122 3362 circumcisionem
1145 3293 1353 3374 dissuadens,
1388 3316 1452 3364 noa
1476 3293 1580 3361 alienu
1610 3293 1707 3362 fuisse
1729 3293 1870 3365 ridetur.
1930 3297 2051 3365 Filium
2075 3297 2115 3364 ad

421 3414 628 3476 aeven’orem
656 3405 846 3486 inclinasse,
868 3407 1003 3474 ludaeis
1031 3411 1136 3499 ipsum
1160 3410 1409 3498 instigantibus,
1430 3407 1636 3476 tribuendum
1657 3421 1716 3478 est.

419 3563 423 3568 ·
465 3525 511 3595 Ut
533 3536 640 3592 eutem
662 3543 699 3590 ex
722 3520 839 3588 horum
861 3523 1048 3613 principum
1072 3524 1240 3592 bominum
1266 3523 1305 3590 ad
1335 3523 1543 3593 blosa'ismum
1570 3524 1778 3598 conversione
1804 3525 1987 3610 luculenter
2013 3531 2111 3602 etism

419 3653 555 3736 apparet
567 3692 576 3722 ,
590 3663 648 3732 per
661 3637 849 3708 Adiabenen
871 3661 945 3706 eum
965 3639 1116 3707 latissime
1137 3653 1350 3734 propagatum
1367 3641 1486 3723 fuisso,
1501 3642 1546 3708 lta
1563 3662 1601 3710 ex
1622 3641 1694 3712 aliis
1716 3644 1844 3713 indiciis
1864 3645 1928 3712 hoc
1945 3661 2111 3737 praeterea

419 3766 557 3828 ⁰onstat.
603 3757 695 3827 Idem
718 3781 749 3828 r.
762 3781 796 3848 g.
821 3757 927 3826 elucet
948 3780 986 3825 ex
1005 3777 1122 3850 magno
1144 3779 1255 3826 eorum
1280 3781 1438 3838 numero,
1464 3759 1521 3849 qui
1542 3781 1616 3828 eum
1645 3757 1806 3854 hodieque
1830 3763 1877 3830 ibi
1897 3765 2110 3856 profitentur,

419 3877 560 3968 quorum
570 3876 743 3944 Gustatus
760 3879 896 3965 uiginti
909 3875 1052 3956 mr'llr‘e,
1080 3874 1365 3946 Christianorum
1388 3897 1462 3942 vero
1482 3875 1628 3944 ducenta
1641 3878 1759 3946 millia
1774 3881 1822 3972 ihi
1844 3901 1930 3948 nunc
1948 3904 2015 3951 esse
2033 3905 2112 3952 coa·

419 3993 537 4062 tendit.
572 3994 673 4061 Porro
689 3989 805 4077 horum
821 3991 1078 4062 Christianorum
1096 4015 1215 4060 nomen
1232 4005 1265 4061 et
1280 3995 1447 4059 instituta
1467 3988 1548 4056 illud
1569 3991 1774 4062 confirmant.
1818 3995 2110 4066 Nestorianorunr

419 4135 538 4179 nomen
554 4111 728 4188 nimirum,
750 4128 815 4199 quo
836 4106 861 4175 ii
878 4107 972 4175 nobis
991 4109 1224 4187 innotuerunt,
1248 4106 1290 4175 ab
1311 4106 1434 4176 litteris
1450 4106 1547 4173 modo
1566 4109 1641 4198 ipsis
1662 4109 1771 4177 datum
1792 4121 1851 4177 est.
1899 4109 2024 4179 Nomen
2042 4127 2107 4195 est,

422 4249 488 4318 quo
508 4226 681 4296 Christiani
702 4222 916 4293 occidentales
926 4222 1147 4306 Christianos,
1172 4225 1204 4291 in
1217 4224 1324 4292 Persii
1347 4223 1510 4304 virentes,
1532 4224 1608 4293 olim
1629 4225 1872 4316 nuncupabant.
1918 4225 1946 4294 li
1970 4243 2106 4309 contra,

419 4346 496 4412 dum
520 4343 725 4424 Nestorium,
747 4364 832 4410 auno
863 4344 925 4410 set
957 4339 1167 4422 damnatum,
1190 4341 1299 4430 magni
1321 4337 1453 4430 quidem
1476 4341 1599 4407 faciunt
1612 4391 1622 4422 ,
1651 4340 1705 4410 scd
1734 4342 1903 4431 Euangelii
1924 4343 2107 4414 doctrinam

421 4462 462 4530 ab
482 4484 520 4530 eo
546 4483 579 4530 se
600 4461 760 4550 accepisse
788 4471 927 4549 negant,
951 4457 1158 4528 Nazaraeos
1179 4481 1213 4526 se
1242 4457 1305 4548 ipsi
1331 4454 1518 4546 appellant,
1543 4479 1609 4549 quo
1634 4457 1729 4527 titulo
1751 4459 1910 4550 prioribus
1933 4484 2025 4532 acrae
2046 4488 2105 4532 no·

423 4593 505 4647 strae
526 4576 644 4646 seculis
666 4577 838 4645 christiani
857 4576 1065 4666 designantur
1087 4599 1131 4643 ear
1150 4575 1304 4645 ludaeis
1323 4574 1467 4645 oriundi.

463 4684 514 4761 lle
534 4695 677 4785 ipsorum
698 4695 851 4760 institutis
868 4694 1030 4783 judaicis,
1052 4715 1123 4785 cap.
1147 4693 1222 4761 xvl
1245 4693 1419 4761 Guarrtus
1436 4694 1513 4784 egit.
1561 4691 1701 4773 Omnia,
1725 4705 1762 4761 ut
1782 4696 1850 4776 ait,
1875 4695 1899 4764 ii
1919 4715 1958 4765 'ex
1980 4697 2031 4767 his
2051 4718 2103 4768 re·¹

419 4813 587 4881 tinuerunt
598 4861 609 4892 ,
631 4836 713 4904 quae
740 4833 814 4880 cum
844 4809 1011 4898 Religione
1040 4809 1216 4880 christiani
1235 4810 1389 4900 conjungi
1409 4833 1502 4900 posse
1522 4812 1598 4902 ipsis
1627 4810 1836 4882 riderentur:
1870 4815 1903 4899 1)
1919 4819 2104 4904 sacrificia

420 4928 687 5008 eucharistica,
722 4929 757 5014 2)
781 4938 892 4995 votum
921 4927 1188 5006 Noairaeattls,·
1221 4927 1257 5014 3)
1272 4930 1483 5018 primatiae,
1508 4950 1587 5019 quas
1617 4927 1797 4996 Ecclesiis
1820 4942 1853 4996 et
1875 4928 2016 5000 Scholia
2037 4935 2101 5000 sol-

421 5059 523 5125 runt3
550 5043 747 5133 llaabbatlsr'
763 5045 863 5113 instar
885 5034 1024 5136 primum
1045 5044 1209 5112 celebrant
1229 5043 1314 5112 diem
1330 5044 1562 5127 hebdomadis,
1587 5047 1640 5112 cni
1658 5049 1876 5136 praemittitur
1895 5037 2097 5138 represserit

421 5165 455 5251 bl
481 5161 727 5231 Ecclesiam
748 5166 845 5226 ratio
864 5169 1007 5230 interne
1030 5162 1068 5231 ad
1092 5185 1237 5230 normam
1256 5161 1382 5252 Templi
1405 5159 1679 5251 hierosolymitani
1693 5176 1741 5230 est
1762 5167 1947 5254 composita.
1996 5167 2102 5234 Locus
2173 5237 2180 5244 ,

350 5311 361 5330 ν
419 5283 469 5348 ibi
484 5292 532 5349 est
556 5288 699 5345 sanctus
721 5273 859 5395 (th,
882 5279 940 5343 ubi
961 5299 1050 5343 crux
1070 5291 1195 5345 tautum
1214 5279 1435 5366 conspicitur,
1458 5281 1552 5364 etia
1576 5300 1672 5368 quem
1694 5281 1814 5347 intrare
1834 5281 1923 5346 sollu
1939 5284 2104 5351 sacerdo·
