5467 6500
1082 806 1402 890 -111-

399 1013 462 1095 sit,
485 1023 525 1080 ut-
540 1010 660 1102 Regina
676 1009 721 1077 its
739 1019 871 1100 agerat,
895 1005 1030 1094 eogitari
1045 1015 1201 1096 possunt,
1226 1006 1292 1071 sire
1307 1011 1450 1083 metuas,
1476 1004 1689 1076 Samaritanus
1701 1006 1987 1101 palaestinensis
2004 1007 2089 1078 utos

401 1144 553 1220 opstrae,
575 1149 613 1195 ar
633 1128 778 1217 Aegypto
799 1150 818 1190 a
834 1125 946 1191 Fratre
966 1121 1097 1212 puisse,
1114 1135 1146 1190 et
1163 1123 1337 1190 exereitum
1352 1123 1385 1190 iu
1408 1123 1501 1212 syris
1519 1139 1551 1191 et
1570 1127 1746 1194 Palaestini
1772 1126 1961 1216 colligenti,
1984 1149 2081 1218 opem
2192 1119 2196 1126 ¹

400 1248 510 1313 tulisse
528 1246 602 1332 (1),
625 1246 690 1310 sire
715 1241 824 1332 potius
851 1239 1068 1308 Samaritanus
1087 1243 1271 1328 aeqyptios
1300 1238 1406 1306 eidem
1428 1255 1525 1331 atque
1549 1241 1697 1326 (laesuri,
1722 1244 1933 1312 Alexandriae
1957 1245 1991 1310 iu
2019 1266 2082 1310 an·

399 1365 514 1450 gestias
544 1359 702 1438 redsetie,
736 1357 890 1424 auxilium
920 1357 1113 1448 praestitisse
1135 1358 1199 1443 (2).
1244 1355 1387 1423 ,ludaeos
1406 1359 1487 1447 ipsi,
1511 1379 1571 1424 neo
1602 1361 1669 1426 sine
1692 1363 1807 1440 oausd,
1831 1379 1939 1425 erosos
1960 1361 2079 1438 luisse,

396 1488 531 1544 eonstst.
576 1473 693 1542 Judaei
722 1477 875 1544 nimirum
902 1476 1065 1563 aegyptii
1097 1493 1170 1538 oum
1202 1474 1274 1560 ejus
1313 1473 1511 1542 Adversariis
1541 1478 1682 1565 primum
1706 1475 1891 1554 leniebant,
1916 1497 2077 1543 nonnum

397 1593 498 1660 Sociis
520 1572 738 1659 Romandrum
767 1594 830 1680 (3).
877 1589 963 1678 Quid
983 1588 1100 1655 ludaei
1126 1600 1236 1677 postea
1258 1592 1403 1681 egerint,
1432 1615 1495 1660 nou
1518 1593 1634 1682 liquet.
1682 1595 1749 1660 llos
1775 1615 1852 1658 reso
1873 1593 1944 1682 pari
1978 1594 2077 1659 ruodo

393 1721 491 1798 atque
512 1707 854 1774 Palaestinenses-odio
867 1707 1028 1773 llomauos
1048 1720 1234 1795 prosecutos
1249 1730 1342 1788 esse,
1366 1722 1398 1776 et
1418 1709 1628 1801 Cleopatrae,
1649 1709 1699 1776 hie
1718 1707 1939 1788 deditissimo,
1964 1708 2080 1773 iniens

393 1847 441 1890 sos
462 1826 579 1902 fuisse,
604 1822 760 1889 credibile
776 1835 824 1888 est
846 1822 913 1909 (l).
967 1822 1136 1910 blnltiplex
1158 1845 1257 1911 porro
1275 1825 1338 1891 iras
1357 1829 1523 1894 continuas
1546 1827 1751 1916 Cleopatram
1775 1827 1857 1892 inter
1876 1837 1909 1890 et
1929 1824 2076 1890 ludaeos

392 1939 552 2006 excitandi
570 1939 793 2026 opportunitas
814 1938 915 2030 abeo
936 1952 1081 2028 tempore
1099 1941 1242 2018 exstitit,
1274 1964 1340 2031 quo
1360 1945 1482 2033 Regina
1506 1943 1692 2009 domesticis
1713 1943 1856 2007 familiae
1875 1941 2077 2006 Herodianus

395 2054 646 2122 dissensionibus
678 2055 917 2124 imminuebatur
949 2055 1026 2142 (ὅ),
1056 2055 1255 2144 eademque,
1291 2060 1463 2150 imperium
1494 2061 1640 2149 prolerre
1661 2078 1789 2144 semper
1820 2057 1981 2145 gestiens,
2012 2059 2076 2126 Ju-

361 2176 364 2183 '
392 2171 489 2236 deese
507 2185 541 2237 et
563 2170 704 2237 Arabiae
716 2187 866 2261 partem,
891 2174 924 2239 in
945 2172 1177 2238 detrimentum
1196 2175 1355 2253 llerodis,
1379 2176 1419 2240 ab
1444 2176 1586 2242 Antonio
1607 2186 1776 2263 acceperet
1801 2173 1864 2260 (6).

437 2286 538 2352 bellis
562 2287 713 2352 sinilibus
733 2289 819 2354 iuter
839 2289 999 2356 Romanos
1020 2291 1231 2378 compositis,
1259 2291 1374 2358 laetior
1394 2293 1591 2358 Palaestinae
1612 2292 1682 2356 dies
1706 2303 1833 2356 exortus
1863 2302 1923 2357 est.
1980 2291 2076 2377 Quod

390 2402 607 2483 beneficium,
636 2416 772 2471 auctore
791 2406 995 2496 potissimum
1019 2405 1173 2484 llerode,
1195 2408 1252 2497 qui
1276 2429 1383 2474 serum
1405 2387 1452 2474 ibi
1479 2423 1556 2475 tuno
1578 2419 1740 2497 gestarum
1763 2428 1877 2496 mogus
1897 2409 2075 2496 perussit,

388 2521 417 2584 ei
436 2520 719 2610 Terraeoontigit.
763 2520 813 2600 Is,
836 2521 1030 2589 Latronibus
1046 2520 1236 2601 debellatis,
1263 2537 1363 2612 atque
1385 2525 1486 2612 ipsius
1505 2525 1645 2590 inimicis
1669 2525 1787 2612 partim
1806 2524 1945 2589 mortuis
1967 2547 2073 2613 ,pur-

388 2637 447 2699 tim
466 2635 670 2724 profligatis,
696 2636 832 2723 Augusti
855 2638 966 2703 lurore
988 2637 1121 2716 fruens,
1149 2642 1255 2702 totius
1279 2638 1474 2705 Palaestinae
1501 2641 1672 2728 imperium
1695 2639 1829 2727 adeptus
1850 2652 1896 2705 est
1918 2639 1981 2725 (l).
2030 2639 2073 2707 lit

388 2751 452 2814 boo
470 2765 593 2828 teneus,
618 2751 644 2815 ai
664 2749 802 2815 nefanda
821 2752 949 2842 seponis
966 2751 1128 2832 laniuora,
1150 2752 1286 2842 adquae
1304 2756 1458 2844 patranda
1481 2756 1598 2822 inritus
1617 2757 1757 2845 primum
1780 2755 1968 2833 ferebatur,
1993 2777 2071 2844 pru·

385 2867 515 2934 dentem
542 2868 734 2958 plerumque
751 2889 786 2932 se
804 2869 910 2956 gessit.
947 2869 1311 2945 blalerolos-eoiireuit,
1340 2883 1374 2936 et
1395 2871 1566 2938 seditiones
1583 2873 1785 2962 praesertit;
1808 2882 1841 2937 et
1860 2880 2009 2936 couneus
2029 2870 2072 2937 li·

385 2995 458 3065 tet,
482 3005 520 3050 ae
547 2985 705 3074 propositi
726 2995 843 3063 tenax,
877 2985 1020 3073 rigentes
1037 2993 1144 3051 tamen
1164 2986 1330 3073 opiniones
1350 2989 1530 3066 reveritus,
1567 3011 1605 3052 ne
1629 2986 1793 3052 communi
1813 2987 1960 3054 omnium
1979 2987 2069 3070 desis

384 3099 493 3179 derio,
516 3112 671 3187 quantum
690 3100 760 3162 beri
787 3111 917 3186 posset,
947 3100 1120 3163 obsecutus
1138 3115 1198 3166 est.
1246 3101 1334 3184 Quae
1360 3123 1461 3188 quum
1482 3113 1617 3191 egeret,
1643 3124 1681 3166 ae
1699 3102 1847 3190 publiess
1868 3103 2068 3174 calamitates

383 3216 564 3281 sublevaret
589 3211 637 3300 (8)
651 3261 674 3293 ,.
696 3215 729 3279 rit
746 3211 1044 3291 Samaritanorum,
1075 3217 1108 3279 e't
1137 3209 1446 3307 Judreorum,'qui
1468 3219 1509 3284 ab
1530 3242 1587 3297 eo,
1621 3219 1796 3307 Peregrino
1820 3219 1963 3311 quippe,
1990 3224 2069 3311 olim

381 3349 514 3421 prorsus
541 3328 710 3396 abalienati
730 3342 846 3407 erant,
864 3329 1097 3417 benignitatem
1120 3334 1181 3397 sibi
1211 3334 1385 3399 conciliare
1406 3335 1544 3423 studuit.
1592 3336 1684 3401 ilaue
1705 3356 1780 3401 rere
1804 3338 1899 3402 etiam
1921 3340 1983 3404 sibi
2004 3362 2067 3427 pa·

382 3470 453 3513 rare
470 3460 602 3512 conatus
614 3456 678 3523 est,
698 3443 815 3509 harum
835 3445 987 3510 Gentium
1010 3448 1254 3533 prosperitatem
1267 3449 1497 3537 promovendi.
1546 3448 1702 3515 Aedificia
1722 3448 1881 3537 pulchra,
1902 3454 2062 3541 superba,

379 3561 549 3651 magnilica
564 3612 573 3639 ,
589 3562 683 3627 variis
703 3560 782 3627 loeis
802 3562 977 3639 exstruxit,
1002 3573 1036 3627 et
1064 3564 1242 3632 urbes-aire
1264 3566 1431 3646 condidit,
1451 3588 1490 3632 ao
1509 3568 1720 3645 restaurarit,
1744 3567 1808 3631 sire
1826 3568 2062 3655 amplifiearit,

380 3691 412 3745 et
434 3681 568 3748 ornarit.
596 3679 665 3765 Qud
686 3700 722 3745 re
742 3676 838 3744 simul
855 3676 959 3767 Regni
979 3677 1180 3775 splendorem
1202 3685 1292 3749 aurit
1306 3733 1319 3763 ,
1331 3706 1472 3773 suaeque
1487 3684 1590 3748 lamae
1614 3684 1684 3772 ipse
1701 3684 1885 3761 consuluit,
1905 3706 1944 3749 ee
1964 3686 2061 3753 saluti

379 3795 529 3884 publicae
557 3818 621 3861 uon
652 3796 781 3874 minus,
805 3816 900 3884 quam
919 3795 1047 3884 imperii
1072 3800 1237 3865 securitati
1255 3801 1431 3890 prospexit.
1478 3800 1610 3866 Praeter
1631 3801 1706 3867 alias
1735 3800 1831 3865 nrbes
1851 3800 1928 3885 (9),
1971 3801 2061 3869 Gue-

380 3934 485 3979 soreo
522 3912 725 4000 potissimum
756 3912 791 3976 iu
829 3932 959 3977 consum
990 3912 1100 3990 seuit,
1133 3936 1230 4002 quarn
1263 3939 1303 3982 eo
1325 3917 1422 3994 loeo,
1456 3917 1514 3980 ubi
1547 3928 1621 3980 ants
1655 3916 1786 3981 Yurn‘s
1820 3928 1889 3979 erut
1913 3918 2060 3981 Strate-

379 4034 455 4107 ns's,
479 4026 649 4107 condidit,
684 4047 722 4093 so
744 4026 864 4103 Portu,
892 4036 925 4089 et
952 4024 1086 4115 Templo
1113 4029 1238 4095 ornarit
1261 4032 1347 4118 (10).
1393 4028 1518 4099 lleinde
1555 4030 1748 4107 Samaria,
1781 4052 1800 4093 a
1832 4027 1974 4094 Gabinio
1990 4034 2060 4117 jans

377 4146 574 4224 restaurata,
606 4166 703 4235 quam
731 4143 787 4210 ille
812 4142 846 4207 in
875 4138 1011 4231 Augusti
1037 4143 1191 4211 bonoram
1223 4152 1394 4237 Σεβαστὴν
1413 4148 1631 4235 nuncuparit,
1651 4145 1743 4235 quod
1767 4166 1916 4223 nunes,
1949 4162 2060 4234 postea

377 4262 496 4351 qnippe
529 4261 695 4328 Sebasten
719 4262 973 4336 Palaestinae,
998 4262 1064 4328 sire
1094 4262 1244 4349 Sysn'ne,
1273 4265 1340 4330 sire
1366 4266 1462 4330 etiam
1495 4263 1738 4351 Sebastopolis
1763 4273 1892 4339 vocata,
1915 4262 1951 4330 iu
1984 4286 2057 4353 per·

376 4394 512 4467 petuum
544 4381 692 4447 retinuit.
732 4378 818 4448 Urbs
843 4373 884 4441 ab
908 4375 1036 4443 llerode
1060 4377 1194 4446 dilatata
1225 4393 1258 4447 et
1288 4380 1457 4465 moenibus
1480 4380 1637 4447 hstruets
1659 4392 1729 4458 est,
1755 4396 1897 4465 quereum
1918 4378 2061 4447 ambitus

383 4532 663 4554 Ἥ

419 4628 461 4703 (Ι)
482 4628 686 4690 Persuasit
708 4624 756 4698 ll,
774 4645 803 4703 p.
814 4624 889 4695 694,
910 4624 1021 4688 unm
1036 4628 1158 4700 naso..
1173 4630 1282 4711 pets

419 4726 462 4802 (2)
482 4728 627 4789 resonos
645 4727 691 4786 ll.
711 4724 760 4797 11,
777 4744 804 4801 p.
815 4722 874 4781 699
891 4743 964 4804 seqq,
1161 4748 1167 4757 ·

421 4825 464 4897 (3)
484 4826 596 4884 Josrrsr·
610 4827 643 4884 ds
659 4826 699 4883 B.
710 4825 745 4884 J.
767 4822 792 4881 l.
808 4820 839 4882 9.
855 4818 873 4877 3
888 4828 914 4879 el
935 4820 971 4891 t;
990 4824 1075 4881 Asu.
1093 4824 1169 4886 xlv,
1185 4824 1216 4886 8.
1234 4828 1247 4885 l
1271 4834 1298 4885 at
1313 4828 1344 4886 2.
1643 4852 1648 4863 ·

383 4940 387 4949 ·
415 4925 458 5000 (ἢ)
478 4924 590 4984 Josrsa.
600 4934 696 4982 contra
713 4892 821 5001 Apr'sn.
834 4920 872 4980 ll.
892 4920 921 4978 5.
1167 4924 1212 4999 (5)
1231 4925 1316 4985 Arstt.
1333 4923 1393 4984 XV.
1410 4924 1438 4984 2.
1457 4926 1496 4998 5,
1515 4934 1541 4987 st
1559 4932 1584 4990 3.
1604 4924 1660 4987 26
1680 4927 1711 4987 5.

417 5024 460 5099 (6)
483 5022 552 5081 lbid.
571 5021 632 5080 XV,
645 5020 675 5078 b.
1171 5021 1214 5100 (7)
1236 5027 1320 5085 Antt.
1337 5022 1396 5083 XV.
1415 5016 1444 5084 2.
1467 5022 1500 5099 3,
1523 5026 1556 5085 do
1577 5026 1660 5088 B.J.
1678 5024 1704 5081 1.
1721 5024 1769 5083 20.
1789 5022 1819 5083 3.

417 5122 459 5199 (θ)
484 5122 564 5181 Arsit.
582 5118 645 5179 XV.
660 5118 688 5177 9.
1051 5154 1056 5161 ·
1170 5122 1214 5199 (9)
1232 5125 1319 5184 Arsit.
1336 5122 1412 5182 xvi.
1430 5124 1460 5182 5.
1478 5122 1507 5181 2.

414 5222 481 5302 (10)
502 5221 588 5280 Ano.
609 5216 669 5277 XV.
683 5214 711 5279 9.
725 5212 755 5275 6.
