5467 6500
1317 822 1607 897 ..ae„

666 1013 863 1095 Utladaei,
894 1015 942 1083 ita
970 1013 1027 1082 alii
1056 1016 1153 1084 etiosa
1179 1012 1296 1105 populi
1323 1015 1358 1082 st
1385 1014 1463 1085 olim
1490 1017 1524 1083 it
1554 1010 1653 1081 bodie
1680 1032 1741 1103 per
1774 1010 1877 1079 tariaa
1904 1012 2018 1083 Terras
2048 1012 2188 1105 dispersi
2223 1017 2311 1084 rita·

620 1132 713 1200 bant.
756 1130 947 1199 damasceni
967 1156 1001 1204 r.
1022 1154 1053 1198 o·
1078 1130 1259 1211 Samariae,
1281 1144 1315 1198 et
1341 1131 1508 1201 Isradlitae
1526 1129 1674 1200 Damasci
1688 1129 1765 1217 (1),
1792 1150 1831 1195 ae
1847 1128 1967 1198 ludaei
1985 1132 2019 1197 in
2044 1130 2192 1221 portibus
2214 1133 2315 1201 liaris

620 1249 712 1317 rubri
725 1248 775 1337 (0)
788 1298 796 1330 ,
811 1250 868 1315 ubi
889 1262 1009 1339 strapes
1026 1248 1200 1337 aliquando
1221 1250 1307 1315 inter
1324 1272 1378 1315 eos
1398 1247 1485 1316 adita
1502 1271 1569 1315 esse
1580 1245 1784 1333 ridetur-(3).
1816 1244 1872 1313 ste
1894 1256 2006 1336 postea
2024 1246 2218 1315 bntioebeui
2231 1250 2311 1317 ttiu-

619 1366 787 1455 rosolymis
807 1367 880 1453 (1),
902 1380 957 1446 et,
989 1364 1078 1455 qnod
1100 1363 1276 1454 inscriptio
1304 1365 1400 1432 docet
1431 1366 1531 1433 Numi
1552 1367 1771 1457 (Ἀντιοχέων
1791 1365 2169 1455 messuerimus),
2194 1365 2310 1435 Ptole·

618 1483 748 1562 ma'isle3
775 1484 822 1551 sis
850 1483 991 1573 denique
1011 1480 1188 1551 Phoenices
1205 1481 1241 1548 ia
1259 1482 1397 1549 urbibus
1422 1482 1657 1573 Aegyptiorum
1678 1495 1712 1549 et
1729 1482 1928 1550 Graecorum
1958 1504 2054 1572 quam
2078 1480 2253 1572 plurimis,
2278 1497 2311 1549 et

619 1598 853 1689 lliirosolymis
875 1602 953 1669 item
974 1599 1024 1685 tt)
1039 1648 1050 1682 ,
1066 1611 1195 1666 ›eertam
1213 1600 1386 1690 qnamdam
1408 1601 1498 1667 urbis
1518 1613 1643 1691 partam
1654 1648 1666 1681 ,
1687 1600 1752 1667 sire
1769 1600 1882 1667 riuum
1900 1598 2092 1667 babitabant
2109 1598 2173 1686 (d).
2219 1599 2312 1667 ldent

619 1717 662 1786 da
673 1716 881 1787 Samaritauis
896 1716 1103 1785 statuendum
1121 1728 1183 1787 est.
1228 1717 1353 1786 Montio
1370 1716 1412 1785 'lit
1426 1716 1684 1785 deSamaritanis
1701 1716 1905 1809 inlegypto
1924 1726 1957 1783 st
1975 1712 2090 1802 Syrte
2108 1716 2311 1798 virentibus,

616 1856 659 1903 ao
680 1836 862 1903 resentiore
879 1846 984 1901 astate
1005 1830 1122 1901 Gustus
1142 1856 1257 1902 eorum
1272 1848 1514 1915 memorantur,
1539 1836 1598 1925 qui
1620 1835 1749 1905 nomae
1771 1847 1864 1902 arant
1881 1844 1914 1901 at
1937 1832 2255 1925 Constantinopoli.

663 1950 705 2020 Iu
724 1950 921 2041 Aegyptum
941 1951 1038 2017 multi
1062 1949 1228 2020 lsrailitae
1246 1953 1315 2041 jara
1337 1954 1492 2043 migrasse
1514 1951 1685 2032 ridentur,
1711 1973 1813 2043 quum
1832 1952 1978 2041 Regnum
1997 1954 2040 2017 10
2062 1950 2219 2019 Tribuum
2239 1963 2314 2043 port

618 2067 789 2138 tareusmt
803 2071 839 2137 Π
858 2081 995 2137 mortam
1017 2068 1123 2135 turbis
1143 2066 1292 2134 uirilibus
1312 2068 1568 2153 dssaeermtnra
1594 2073 1628 2137 in
1647 2070 1761 2161 primis
1780 2088 1998 2159 veroquam,
2021 2065 2212 2135 lienabetnu
2226 2068 2315 2158 Repe

618 2196 751 2267 errato,
782 2199 891 2277 partas
920 2187 1098 2276 meriaoaa
1131 2187 1310 2275 superiores
1322 2184 1345 2276 ,Ι
1363 2187 1571 2278 aegyptiacae
1597 2199 1710 2255 oontra
1741 2186 1912 2253 inferiores
1950 2188 2133 2251 euasissent.
2186 2184 2312 2251 llorum

617 2302 774 2373 Exsulnm
790 2324 971 2383 numerus,
989 2314 1159 2370 arescente
1178 2302 1313 2392 publiei
1328 2303 1535 2385 calamitate„
1546 2326 1588 2370 ae
1598 2304 1709 2395 Regno
1726 2300 1853 2369 tandem
1874 2322 2005 2380 everso,
2028 2300 2100 2367 aliis
2118 2322 2215 2389 quum
2236 2300 2313 2390 plu·

618 2422 711 2489 rimis
733 2432 847 2489 anetus
868 2431 928 2488 est.
973 2419 1023 2489 lte
1043 2418 1160 2487 borum
1181 2433 1289 2489 tamen
1308 2418 1494 2488 conditione
1518 2430 1551 2487 et
1575 2420 1648 2489 fatis
1677 2418 1762 2487 nibil
1788 2418 1942 2487 innotuit.
1991 2416 2129 2483 'lantum
2153 2416 2313 2505 conjicere

617 2539 716 2619 lieet,
740 2536 960 2607 Samaritanus
991 2536 1245 2605 Palaestinenaes
1270 2560 1344 2605 uana
1379 2537 1417 2604 iia
1442 2550 1476 2605 et
1503 2540 1640 2628 posteris
1662 2559 1774 2605 eoram
1786 2584 1796 2617 ,
1830 2534 1947 2623 quiin
1973 2532 2124 2622 Aegypto
2151 2554 2313 2601 remansa·

615 2668 716 2735 runt,
740 2655 972 2721 commercium
992 2651 1166 2735 babuisse,
1188 2651 1310 2744 idque,
1325 2654 1411 2721 ortis
1430 2654 1526 2721 etiam
1545 2654 1660 2734 bellis,
1682 2676 1699 2719 a
1720 2653 1822 2719 Persis
1843 2672 1918 2718 eum
1946 2649 2110 2739 Aegyptiis
2133 2651 2252 2737 gestis,
2276 2674 2313 2716 ae

616 2772 706 2841 ballo
728 2771 916 2861 praesertim
943 2768 985 2834 ab
1011 2770 1108 2837 lnrro
1135 2783 1170 2835 et
1198 2770 1375 2856 dmprtaeo
1399 2780 1508 2847 moto,
1524 2773 1754 2847 ouatinuasre,
1786 2782 1819 2835 et
1844 2767 2012 2858 Aegyptiis
2041 2766 2174 2834 fortasse
2198 2767 2313 2859 auxilia

618 2901 699 2955 tuno
721 2886 833 2953 tulisse
854 2883 920 2975 (7).
974 2884 1064 2952 llaoo
1090 2896 1198 2950 tarnea
1220 2896 1384 2973 tempora,
1406 2885 1489 2974 quia
1522 2905 1651 2974 prorsus
1679 2886 1802 2953 incerta
1834 2896 1930 2962 sunt,
1954 2882 2063 2971 potius
2093 2896 2313 2965 transeamus,

613 3004 659 3075 ad
682 3014 820 3073 aetatem
839 3012 1011 3093 pergentes
1034 2998 1209 3067 Alexandri
1231 3002 1350 3090 magni.

664 3120 729 3188 llio
749 3123 839 3189 8000
857 3118 1154 3196 Samaritanorum,
1177 3115 1234 3207 qui
1256 3114 1340 3185 siin
1359 3116 1609 3208 TyrietGarae
1636 3116 1872 3209 expugnatione
1892 3114 2035 3183 auxiliati
2060 3126 2180 3195 erant,
2205 3138 2311 3184 seeum

617 3238 655 3307 'in
678 3238 862 3328 Aegyptum
883 3234 995 3314 duxit,
1020 3233 1125 3325 iisque
1144 3234 1179 3302 iu
1191 3232 1387 3316 'Thebaide,
1406 3257 1503 3325 quam
1522 3235 1622 3326 ipsius
1640 3234 1771 3304 nomine
1791 3242 1983 3312 tuerentur,
2002 3254 2098 3322 apros
2121 3230 2230 3300 diuisit
2250 3236 2311 3321 (8).

619 3355 737 3445 Quod,
761 3352 892 3445 siquid
916 3349 1027 3431 aliud,
1063 3349 1269 3420 Samaritanis
1297 3353 1517 3441 gravissimum
1542 3353 1661 3433 fuerit,
1693 3353 1788 3418 etiam
1815 3351 1841 3416 si
1870 3369 1928 3440 per
1957 3349 2055 3416 brata
2084 3360 2212 3439 tempus
2243 3352 2311 3436 ejus

619 3475 738 3542 'ferrea
756 3471 900 3540 custodia
918 3469 959 3537 iis
981 3467 1132 3537 mandata
1153 3466 1216 3546 sit,
1242 3468 1284 3534 ad
1306 3470 1532 3537 anctoritatem
1564 3466 1627 3535 sibi
1652 3467 1685 3534 in
1708 3467 1856 3556 Aegypto
1886 3466 2085 3556 parandam,
2111 3463 2181 3556 qua'
2202 3468 2312 3534 Gentis

617 3591 809 3681 dignitatem
828 3600 941 3655 eontra
957 3585 1160 3652 «ludaeorum
1179 3584 1432 3653 machinationes
1455 3597 1584 3650 strenue
1606 3581 1818 3650 uindicarent.
1865 3583 1960 3648 Brevi
1984 3583 2069 3648 enim
2090 3584 2124 3648 it
2149 3605 2261 3650 sorum
2279 3587 2314 3650 it

617 3707 818 3774 iudaeorum
836 3721 991 3768 nanterus
1005 3702 1039 3766 in
1052 3698 1199 3788 Aegypto
1214 3699 1350 3767 mirifice
1366 3701 1471 3769 orarit
1485 3750 1493 3780 ,
1507 3711 1677 3790 postquam
1686 3697 1886 3764 Ptolemaeus
1901 3746 1910 3777 ,
1925 3695 2003 3786 Lagi
2022 3697 2120 3776 lilius,
2133 3698 2313 3766 Palaestini

620 3821 823 3913 expugnati,
841 3829 874 3886 et
886 3819 997 3908 septis
1007 3814 1258 3902 ilitirosolpmis,
1270 3817 1436 3906 utriusque
1451 3817 1563 3884 Gentis
1575 3815 1734 3883 coloniam
1747 3811 1971 3882 blerandriam
1994 3814 2214 3885 transtulerat,
2243 3819 2313 3885 Neo

615 3941 717 4031 pauni
745 3934 862 4005 deinde
887 3933 989 4026 (paud
1010 3932 1051 4000 de
1079 3929 1232 3999 ,ludaeis
1249 3932 1422 4001 dusnrnus
1440 3933 1559 4000 diserte
1581 3930 1714 3998 tradidit
1737 3931 1810 4017 (0),
1836 3931 1889 3998 sed
1910 3931 1950 3996 de
1975 3929 2220 4020 Samaritanus
2238 3938 2311 4024 pari

614 4058 720 4126 ruodo
742 4055 851 4122 disere
877 4052 1048 4144 potuisset)
1074 4050 1188 4138 insigni
1213 4049 1357 4116 locorum
1389 4047 1429 4118 ad
1453 4061 1667 4116 mercaturam
1687 4045 1841 4136 agendam
1867 4049 2128 4138 opportunitate,
2160 4073 2197 4116 ao
2219 4051 2312 4140 liegii

623 4174 818 4244 liberalitate
839 4168 969 4246 allecti,
992 4166 1080 4233 ultro
1102 4188 1136 4232 se
1157 4164 1235 4229 illue
1255 4165 1475 4234 contuderunt.
1510 4163 1747 4232 inverisimile
1767 4176 1839 4245 est,
1861 4163 1947 4234 baud
1963 4186 2082 4256 paucos
2096 4163 2312 4234 Samaritanus

621 4297 821 4383 Aegyptum
841 4287 940 4356 etiam
955 4283 1104 4375 petivisse
1128 4293 1279 4371 reparante
1297 4280 1454 4352 Jabanne
1477 4283 1652 4370 llyroano,
1678 4283 1736 4373 qui
1754 4283 1895 4373 primum
1913 4279 2082 4370 Templum
2116 4284 2311 4372 paririmita·

636 4483 850 4507 m

665 4598 707 4672 (1]
733 4593 825 4672 lttag.
845 4589 905 4650 XX.
926 4587 975 4648 34.
1079 4587 1122 4664 (21
1143 4587 1337 4668 uticem
1356 4589 1384 4650 6.
1504 4589 1546 4666 (3)
1567 4589 1635 4650 test.
1655 4588 1701 4648 Ν.
1719 4586 1766 4647 19.
1884 4587 2271 4668 (tttltaeedvdmtu.
2313 4665 2318 4676 ὃ

667 4699 711 4772 (5)
734 4694 817 4774 Zepb.
839 4692 862 4752 1.
884 4691 938 4764 ll,
951 4688 1018 4750 soll.
1031 4689 1114 4749 ¹Zaoh.
1129 4689 1205 4750 xlv.
1217 4689 1276 4759 21.
1297 4691 1366 4753 Nais.
1389 4689 1469 4751 Xlll.
1489 4691 1537 4752 16.

668 4798 714 4875 {bt
734 4796 796 4857 tid.
817 4795 946 4864 Marsas,
968 4789 1027 4850 Dte
1048 4791 1221 4874 Ploeuizii‘r
1237 4791 1271 4866 l,
1291 4794 1367 4872 pti
1385 4813 1458 4874 seqq.

670 4899 714 4972 (7]
738 4897 780 4956 De
802 4896 941 4960 Judaea'a,
968 4892 1095 4952 al’arris
1120 4894 1149 4952 in
1179 4895 1328 4971 Aegyptum
1350 4893 1488 4964 abductis,
1514 4891 1605 4952 retulit
1635 4892 1771 4954 barsuma
1802 4891 1914 4950 Hirtam
1942 4889 2078 4950 LXXII
2106 4890 2311 4972 Interpretare,

621 4991 1100 5080 ep1..oeeetttssau⁰.p.'5.
1140 4993 1230 5070 liiijus
1240 4993 1320 5054 Libri
1339 4993 1442 5052 ductor
1459 4999 1524 5050 nate
1539 4990 1723 5050 Ptolemaeum
1748 4988 1960 5050 Plrilosuetonu
1980 4989 2088 5052 ridetur
2105 4993 2208 5054 titisse.
2250 4991 2335 5070 tad,

626 5102 683 5164 Dr.
701 5101 731 5160 Z.
750 5094 1071 5158 faurar'Vorrtudien
1093 5114 1127 5152 eu
1142 5095 1192 5150 der
1212 5095 1405 5178 Septuaginta.
1447 5091 1542 5170 Leipa.
1557 5089 1650 5165 luat,
1671 5113 1699 5171 p.
1717 5091 1781 5152 l2'u.

667 5193 1208 5278 ummmmmm
1386 5178 1723 5270 mmmm:
