5467 6500
1124 830 1397 908 -⁰,-

470 1032 544 1116 Quo
566 1023 680 1095 melius
702 1034 810 1095 autem
838 1022 881 1095 ds
907 1020 1408 1117 Samaritaaiajpdptfsaatidus
1432 1019 1619 1113 judicetur,
1647 1020 1821 1096 tenendum
1848 1035 1920 1106 ast,
1944 1021 2003 1094 hos
2025 1046 2099 1095 enan

423 1147 504 1215 olim
521 1144 699 1214 assumsisse
718 1165 881 1211 sacrorum
901 1144 1189 1231 institutorumque
1203 1139 1411 1229 judaicorum
1434 1155 1645 1233 apparatum,
1666 1144 1897 1236 doctrinaeque
1916 1165 1990 1213 eum
2008 1165 2099 1211 com·

421 1266 573 1357 plexum,
597 1263 656 1353 qui
677 1284 717 1330 eo
744 1274 911 1353 tempore,
936 1284 1002 1351 quo
1025 1258 1105 1326 hacc
1133 1280 1190 1324 aua
1215 1259 1369 1339 iecerint,
1397 1259 1482 1327 inter
1503 1260 1588 1350 ipsos
1608 1262 1749 1331 Judaeos
1772 1264 1955 1341 ferrentur,
1980 1272 2013 1329 et
2032 1254 2100 1329 usi·

421 1385 482 1450 tati
502 1394 618 1450 essent.
663 1380 778 1472 Itaque
794 1378 1048 1449 Pentateuohum
1068 1370 1284 1467 receperuntss
1317 1377 1434 1445 Libros
1464 1399 1539 1444 raro
1551 1428 1561 1459 ,
1589 1393 1699 1470 postea
1721 1380 1844 1449 Ganoni
1871 1379 2016 1460 additos,
2047 1380 2100 1447 in·

421 1500 600 1588 stitutaque
622 1512 656 1566 et
681 1498 825 1589 placita,
847 1494 1022 1567 recentiori
1045 1496 1199 1563 memorii
1225 1495 1366 1576 sancita,
1389 1494 1504 1566 eodem
1529 1498 1597 1593 fere
1616 1498 1723 1566 studio
1748 1498 1859 1579 ducti,
1884 1520 1948 1587 quo
1970 1495 2099 1564 Saddu-

420 1618 489 1685 caei
517 1618 601 1686 inter
618 1614 784 1697 iudaeos,
806 1616 999 1685 Samaritani
1018 1614 1173 1705 adoptare
1191 1612 1379 1701 noluerunt.
1426 1613 1674 1706 Religiosissime
1696 1616 1731 1683 iri
1749 1638 1786 1684 ea
1807 1628 1993 1696 servarunt,
2017 1635 2102 1704 quaa

421 1734 557 1823 Templo
577 1735 770 1802 samaritano
790 1733 940 1814 condito,
964 1714 1049 1801 inter
1071 1731 1212 1800 iudaeos
1235 1714 1395 1821 viperenti
1439 1718 1578 1802 (londito
1604 1734 1667 1802 hoc
1688 1734 1860 1817 Sacrario,
1885 1733 1999 1802 Cultus
2024 1756 2101 1801 mo·

420 1860 528 1921 suiuus
550 1851 635 1942 apud
656 1874 710 1919 eoa
730 1864 850 1919 certam
878 1850 1048 1942 quamdam
1067 1863 1100 1919 et
1125 1849 1377 1928 liramiormam
1399 1854 1535 1941 accepit.
1583 1851 1700 1920 Scissis
1727 1852 1941 1921 samaritanos
1965 1854 2050 1919 inter
2069 1866 2103 1919 et

418 1969 561 2039 Judaaos
579 1980 658 2037 tunc
674 1981 914 2049 consummata,
929 1984 961 2038 et
974 1968 1119 2037 simultas
1140 1956 1219 2036 adad
1238 1944 1435 2036 inflammata
1454 1983 1523 2049 est,
1547 1982 1586 2038 ut
1601 1972 1704 2060 major
1730 1969 2004 2040 Samaritanorum
2027 1992 2100 2060 pars

419 2086 511 2155 nulla
530 2087 670 2178 amplius
681 2109 754 2178 per
774 2088 914 2178 tongum
934 2080 1067 2178 ternpus
1088 2110 1105 2153 a
1128 2084 1261 2154 iudaeis
1278 2084 1495 2155 mutuaretur.
1529 2068 1533 2079 ⁸

463 2205 597 2294 Minime
616 2206 701 2271 enim
720 2204 808 2275 istud
827 2204 939 2271 odium
961 2203 1164 2293 implacabile
1182 2202 1397 2273 Samaritanus
1423 2212 1589 2295 perpetuo
1609 2203 1724 2273 deindo
1752 2205 1907 2287 retinuit,
1931 2207 2101 2297 quominus

419 2323 554 2400 meliora
574 2346 592 2389 a
612 2321 746 2390 Judacis
775 2321 937 2403 oriunda,
959 2323 1161 2412 probarent,
1193 2334 1291 2411 atque
1325 2323 1469 2412 ipsorum
1500 2323 1685 2391 traditiones
1707 2337 1740 2393 et
1752 2324 1900 2415 placita,
1934 2346 2016 2415 quae
2036 2324 2100 2393 Sa·

418 2442 637 2527 maritauismo
652 2462 720 2508 non
735 2440 867 2524 inimica
883 2454 1007 2523 essem,
1020 2443 1143 2526 insanos
1165 2462 1239 2525 usus
1257 2452 1494 2527 consederent.
1515 2440 1726 2511 Attendamus
1745 2441 1842 2520 modo
1859 2441 2046 2512 traditiones
2065 2446 2101 2510 in

419 2560 589 2629 chronicis
608 2560 807 2647 samaritanis
826 2558 957 2639 obrias,
977 2581 1036 2650 per
1057 2582 1159 2649 quas,
1177 2558 1371 2651 samaritanol
1387 2559 1464 2626 licet
1482 2558 1590 2627 colore
1605 2560 1736 2631 suffusas
1746 2608 1756 2640 ‚
1769 2561 1857 2649 urigo
1872 2560 2004 2649 judaica
2026 2562 2099 2651 pel-

417 2680 519 2750 lucet.
582 2676 740 2745 Similiter
756 2675 912 2765 Dogmata
941 2676 1097 2765 quaedam
1122 2675 1255 2765 judaica
1280 2677 1423 2765 primum
1442 2699 1461 2743 a
1480 2676 1565 2745 Viris
1587 2678 1788 2744 samaritanis
1803 2678 2100 2767 ‚perspicacioribus

418 2793 658 2874 commendata,
671 2794 824 2882 temporis
842 2792 978 2860 decursu
996 2818 1014 2860 a
1032 2792 1178 2882 pluribus
1197 2795 1230 2860 in
1247 2791 1316 2861 dies
1333 2794 1470 2883 probata
1489 2811 1556 2889 esra
1572 2790 1741 2873 sidentur,
1755 2816 1857 2883 eaque
1876 2794 2002 2863 tandem
2024 2820 2102 2886 pro·

417 2912 584 2980 iessi'sunt
603 2930 725 2980 omncs.
761 2910 1054 2978 Nectudaeorom
1070 2909 1258 2992 mod'o,sed
1276 2911 1373 2980 etiam
1387 2912 1494 3003 aliqua
1509 2912 1793 2981 Christianorum
1805 2917 1837 2981 ot
1855 2912 2100 2982 Mosiimorsam
2241 2952 2248 2962 =

418 3032 519 3100 fiterit
540 3030 682 3122 efficacia
700 3031 735 3097 in
755 3030 935 3096 doctrinam
959 3030 1136 3120 Religionis
1152 3032 1362 3097 samaritanae
1383 3030 1602 3102 excolendam.
1647 3018 1817 3101 Falluntur
1839 3053 1935 3121 ergo,
1961 3033 2017 3121 qui
2039 3054 2102 3121 pu·

417 3162 510 3233 tent,
527 3149 634 3217 omnia
655 3148 927 3237 antiquissumos
945 3149 1161 3217 recentiorum
1180 3148 1454 3217 Samaritanorum
1473 3146 1628 3237 Dogmata
1654 3146 1763 3217 eadem
1792 3170 1916 3239 semper
1935 3150 2099 3223 mansisse.

419 3271 466 3361 Er
484 3269 627 3342 dissensu
644 3268 803 3336 rariorum
828 3266 907 3334 haec
925 3270 1182 3346 conmorantium
1203 3267 1432 3358 Scriptorum,
1458 3289 1595 3357 quorum
1617 3268 1818 3349 testimonia,
1846 3270 1873 3335 si
1896 3269 1947 3337 rel
1969 3272 2032 3338 rim
2060 3272 2100 3336 iis

418 3389 563 3465 inieras,
581 3389 615 3452 in
636 3385 842 3451 concordiam
856 3383 962 3470 redigi
975 3395 1140 3470 nequeunt
1151 3432 1164 3461 ,
1175 3387 1371 3450 contrarium
1388 3389 1456 3470 jam
1476 3385 1629 3452 efficeres.
1654 3383 1758 3472 quue
1776 3387 1984 3454 confirmatur
2005 3389 2100 3454 etiam

420 3508 565 3594 ipsorum
585 3501 855 3574 Samaritanorum
887 3497 1006 3576 dictis,
1037 3523 1119 3587 quae
1148 3501 1181 3567 in
1211 3499 1377 3569 Chronicis
1406 3502 1468 3579 iis,
1497 3515 1530 3568 et
1567 3498 1769 3570 Carminibus
1796 3505 1910 3592 passim
1938 3503 2099 3594 leguntur.

419 3623 508 3690 Haec
526 3642 602 3687 sero
617 3639 707 3688 nunc
724 3639 785 3685 acu
801 3617 940 3708 tetigisse
960 3617 1120 3704 sufficiat,
1142 3619 1218 3709 qnia
1230 3619 1342 3688 Gentis
1360 3619 1627 3687 vicissitudines
1650 3617 1811 3688 illustrare
1829 3620 1885 3686 hic
1904 3623 1998 3688 nobis
2017 3645 2100 3711 pro·

418 3741 595 3830 posuimus.

465 3859 513 3926 Er
530 3856 626 3924 dietis
646 3855 810 3933 ridemus,
830 3875 945 3945 operae
963 3853 1105 3944 pretinm
1124 3875 1212 3934 esse,
1236 3855 1263 3922 si
1282 3855 1316 3922 in
1337 3855 1557 3926 samaritanam
1583 3857 1720 3930 Gentem
1739 3856 1847 3926 oculos
1870 3862 2098 3952 convertimus.

419 3977 511 4046 Hanc
531 3996 607 4064 erpo
623 3975 691 4061 jam
709 3972 863 4041 attentius
882 3973 1086 4051 intueamur,
1107 3985 1141 4038 ct
1160 3993 1197 4038 ea
1209 4019 1219 4050 ,
1243 3972 1284 4039 de
1306 3973 1425 4062 quibus
1443 3977 1510 4064 jam
1533 3975 1637 4042 obiter
1657 3974 1911 4065 disputavimus,
1935 3979 2099 4066 sigillatim

419 4116 625 4185 exponamus.
670 4092 814 4159 Primum
832 4090 1013 4156 accedimus
1026 4087 1065 4154 ad
1082 4089 1331 4177 (incentiones,
1345 4114 1427 4182 quae
1442 4093 1581 4163 Gentem
1600 4097 1798 4159 uniuersam
1815 4106 1981 4183 spectant;
2007 4094 2098 4164 dein·

419 4213 520 4280 doad
547 4211 670 4281 Gentis
687 4207 889 4278 Historiam
910 4229 1089 4297 pergamus.
