5467 6500
648 958 683 1032 id
700 971 789 1051 petet
810 956 884 1047 (1),
907 955 963 1028 sed
983 955 1116 1028 lortssse
1134 978 1172 1027 er
1198 958 1246 1027 52
1264 957 1380 1027 hircis
1398 960 1496 1041 item,
1515 982 1584 1051 pro
1602 980 1743 1029 numero
1757 962 1807 1029 il
1832 958 2018 1044 Triduum,
2043 978 2081 1035 ιιι
2100 962 2234 1059 legimus
2255 970 2334 1041 lissa

648 1076 709 1147 Vl.
734 1081 775 1147 17
799 1080 833 1147 in
852 1079 930 1145 nori
951 1076 1078 1169 Templi
1101 1076 1283 1144 initiatione
1301 1078 1510 1157 sacrificatis,
1536 1101 1601 1169 quo
1624 1080 1689 1150 ritu
1709 1103 1774 1149 nou
1798 1091 1925 1151 tantum
1953 1084 2060 1176 prisea
2087 1086 2200 1177 populi
2221 1087 2334 1156 disisio

648 1202 684 1264 in
705 1199 892 1267 memoriam
924 1210 1069 1267 revocata
1100 1217 1169 1264 esse
1197 1194 1349 1275 ridetur,
1379 1195 1436 1266 sed
1455 1197 1620 1269 israelitae
1648 1198 1747 1267 etiam
1775 1202 1911 1291 spectati
1938 1202 2004 1272 rint
2024 1204 2143 1293 partim
2166 1204 2332 1286 reduces,

648 1318 768 1407 purtim
791 1330 824 1389 et
837 1317 1051 1409 praesertim,
1071 1336 1153 1406 quos
1170 1335 1267 1385 nemo
1285 1326 1364 1384 tunc
1384 1315 1575 1407 ignorabat,
1598 1316 1691 1387 elidi
1705 1320 1867 1387 mucules.

1431 1574 1465 1660 §-
1510 1574 1546 1643 r.

839 1819 845 1831 .
981 1771 1036 1848 De
1060 1770 1291 1857 Celerrime
1313 1770 1483 1862 Assyriis
1505 1776 1544 1839 ie
1567 1770 1814 1845 Palaestinam
1837 1777 2008 1855 deductis.

689 1999 843 2093 Expositi
866 1997 1053 2090 quaestione
1074 1994 1116 2066 de
1144 1994 1270 2067 Terris
1282 2043 1294 2077 ,
1317 1999 1359 2063 a‘ss
1379 2016 1469 2086 ques
1493 1994 1598 2063 melli
1620 1996 1816 2069 israelites
1836 2000 1980 2071 adducti
1999 2012 2081 2073 suut
2093 2052 2103 2085 ,
2127 2018 2160 2075 et
2181 2003 2332 2097 desolas

642 2126 827 2211 ipsorum,
849 2116 889 2184 ad
909 2116 1046 2186 Gentem
1065 2112 1234 2184 redeamus
1255 2115 1289 2183 in
1310 2113 1488 2183 Pulsestind
1509 2112 1668 2187 relictam.

689 2236 775 2305 Gens
797 2235 989 2304 samaritana
1010 2237 1200 2301 memorem
1213 2240 1357 2323 portem
1369 2232 1448 2301 licet
1459 2232 1651 2303 Israelitis
1661 2248 1830 2321 constans,
1844 2238 1896 2311 his
1916 2252 2022 2311 tamen
2046 2242 2136 2310 solis
2156 2264 2221 2313 non
2243 2266 2333 2313 com·

640 2355 746 2446 posita
767 2354 844 2421 luit.
892 2350 1020 2422 octeni·
1038 2352 1138 2419 etiem
1165 2350 1200 2419 in
1217 2370 1347 2421 censum
1371 2350 1523 2429 veniunt,
1545 2353 1627 2441 qui,
1651 2364 1688 2422 ut
1710 2354 1847 2426 Gentem
1874 2362 2004 2451 penitus
2027 2382 2277 2453 cognoscamus,
2301 2376 2335 2431 et

640 2474 845 2565 sequentium
865 2484 1048 2563 temporum
1060 2470 1237 2541 Historiam
1255 2483 1345 2539 recte
1362 2469 1601 2562 intelligamus,
1621 2471 1753 2541 minime
1770 2475 1977 2547 omittentur.
2023 2478 2169 2569 liugnam
2192 2482 2279 2547 enirn
2297 2477 2333 2545 hi

640 2580 707 2661 rim
718 2603 925 2661 exsecuerunt
942 2591 977 2657 in
996 2589 1082 2681 ipsos
1100 2586 1279 2668 israelitas,
1292 2609 1359 2677 quo
1377 2588 1499 2657 lactum
1519 2601 1589 2669 est,
1603 2600 1641 2657 ut
1660 2585 1696 2658 hi
1715 2592 1871 2673 semibus,
1891 2594 2021 2687 ingenio
2041 2608 2074 2665 et
2092 2596 2223 2687 lingui,
2242 2597 2334 2667 aJu·

641 2710 729 2778 dseis
748 2710 853 2777 multo
875 2708 1091 2777 dissimiliores
1114 2706 1193 2774 lecti
1214 2707 1302 2785 sint,
1319 2726 1417 2795 quam
1429 2753 1440 2787 ,
1464 2706 1492 2773 si
1505 2705 1590 2774 Gens
1613 2706 1739 2799 integra
1750 2710 1929 2781 mansisset.
1972 2710 2121 2805 idemque
2140 2716 2215 2781 nori
2225 2714 2333 2784 Adre-

639 2848 702 2895 nae
721 2825 862 2917 primum
878 2821 1034 2915 quidem,
1050 2836 1088 2890 ut
1106 2821 1266 2901 diximus,
1289 2820 1332 2889 eb
1352 2820 1516 2909 indigenis
1533 2826 1709 2914 separatius
1727 2826 1844 2895 risisse
1866 2826 2029 2901 sidentur.
2073 2830 2168 2901 Illos
2183 2836 2335 2925 superbia

640 2945 800 3040 quaedam
818 2942 1013 3022 retinuerim
1036 2940 1099 3007 los
1118 2951 1246 3019 metus,
1268 2939 1395 3008 enimus
1418 2940 1564 3031 suspicer
1579 2988 1590 3021 ,
1606 2942 1742 3012 aversio.
1788 2942 1907 3014 lerum
1923 2948 1987 3015 und
2007 2948 2040 3015 in
2063 2950 2194 3041 regione
2209 2950 2333 3025 diutius

638 3069 807 3143 visentes,
829 3075 981 3131 mutuum
999 3060 1232 3128 eonrmercium
1256 3080 1383 3150 semper
1405 3058 1529 3127 esitare
1549 3060 1615 3128 'non
1635 3072 1828 3153 potuerunt.
1875 3060 1969 3149 Quod
1989 3060 2090 3156 quum
2108 3068 2332 3152 invalesceret,

638 3182 798 3278 paulatim
816 3203 850 3252 ιο
868 3180 992 3248 arctius
1011 3179 1272 3270 conjunxerunt,
1285 3188 1319 3246 et
1336 3176 1371 3244 in
1389 3198 1486 3256 unam
1499 3178 1636 3249 Gentem
1658 3176 1788 3249 tradsm
1809 3178 2022 3265 coaluerunt,
2035 3184 2195 3276 permulta
2215 3190 2333 3264 sensim

639 3328 659 3375 a
682 3326 716 3373 se
733 3302 874 3373 inuicem
890 3307 1087 3368 metuentes.
1118 3293 1269 3368 Adrenae
1276 3293 1505 3386 indigenarum
1517 3295 1737 3390 Religionem
1749 3346 1759 3379 ,
1770 3297 1923 3370 Veterum
1943 3321 2034 3372 more
2052 3323 2127 3372 cnm
2146 3307 2210 3372 suis
2221 3305 2329 3378 Sacris

638 3395 858 3514 copularunt,
879 3417 984 3486 ileum
1003 3414 1220 3484 teneriorem
1234 3413 1364 3482 Nomen
1385 3415 1623 3494 existimantes,
1643 3414 1841 3486 Palaestines
1863 3416 2057 3488 oneratum
2079 3421 2144 3508 (2).
2190 3423 2333 3517 Recepti

638 3555 751 3614 eutem
767 3536 992 3611 lsrnsttnrum
1010 3533 1190 3628 religione,
1207 3533 1362 3604 mondus
1385 3534 1530 3626 ipsorum
1547 3536 1693 3628 linguas
1713 3545 1748 3604 et
1771 3539 1975 3626 scriptores
1994 3537 2088 3607 inriti
2114 3539 2182 3610 lere
2203 3563 2276 3612 mor
2297 3565 2332 3615 se

641 3654 942 3730 accommodarunt.
2325 3657 2331 3670 '

687 3779 806 3873 Magne
832 3785 947 3843 contra
972 3767 1181 3843 Goloeoruss
1199 3770 1298 3840 etiarn
1317 3780 1388 3839 eret
1410 3771 1445 3840 in
1467 3769 1629 3842 israelites
1649 3769 1813 3854 efficacia,
1837 3791 1897 3842 noc
1918 3792 2021 3864 pauca
2047 3770 2083 3842 hi
2114 3773 2179 3844 illis
2202 3795 2334 3872 accepta

562 3951 566 3959 .
643 3897 841 3969 referebant.
871 3890 1012 3962 serratis
1029 3888 1179 3980 religioni
1190 3891 1357 3971 ,moribus
1368 3911 1378 3972 3
1404 3889 1552 3984 linguae,
1577 3889 1647 3961 lieri
1670 3873 1846 3961 altissima
1866 3894 1996 3983 potuit,
2010 3894 2090 3985 quin
2109 3895 2209 3967 alieni
2227 3899 2306 3991 qnid
2320 3920 2335 3981 ,·

643 4015 779 4087 Gelonis
793 4011 988 4106 proprium,
1021 4006 1180 4099 paulatim
1203 4007 1449 4082 admisceretur.
1507 4009 1602 4100 Quod
1635 4010 1660 4080 ii
1684 4009 1850 4080 israelitae
1874 4015 2066 4104 praesertim
2096 4015 2252 4098 iecerint,
2276 4021 2336 4110 qui

643 4133 813 4228 gentilium
835 4131 1006 4200 Sacrorum
1029 4148 1138 4196 amore
1161 4127 1335 4200 ierrentur.
1382 4129 1458 4198 His
1475 4131 1606 4198 societur
1624 4149 1698 4198 oum
1713 4127 1843 4200 Colonis
1862 4142 1952 4221 grate
1973 4131 2043 4202 sine
2064 4131 2165 4201 dubio
2186 4135 2274 4218 luit,
2296 4151 2334 4206 ut

643 4242 790 4348 ipsorum
800 4249 965 4320 Posteris
982 4244 1103 4314 arctior
1120 4265 1196 4315 enm
1215 4245 1286 4315 aliis
1298 4249 1423 4318 litteris
1443 4245 1658 4319 necessitudo.
1692 4245 1747 4317 Sic
1769 4249 1890 4318 laetum
1910 4261 1975 4332 est,
1987 4262 2025 4319 ut
2042 4251 2195 4323 Gentium
2213 4253 2311 4325 Sacra
2321 4305 2334 4338 ,

645 4377 680 4439 in
703 4371 788 4438 terri
813 4365 1025 4436 10'lribuum
1050 4361 1177 4431 firmius
1199 4387 1298 4456 wem
1325 4378 1421 4436 antea
1444 4365 1577 4435 lundata
1596 4367 1683 4449 sint,
1706 4389 1855 4458 novoque
1878 4367 1988 4439 colore
2010 4368 2186 4441 identidem
2209 4375 2333 4455 tincto,

646 4511 706 4583 per
724 4485 827 4558 mults
845 4482 950 4553 secula
969 4483 1152 4554 floruerint.
1199 4483 1378 4556 Audiamus
1401 4485 1498 4556 modo
1517 4485 1697 4578 Scriptores
1713 4507 1861 4555 romanos
1875 4485 1952 4576 (3),
1975 4487 2017 4558 de
2033 4487 2190 4560 Carmeli
2207 4500 2334 4557 montes

648 4631 706 4679 ruo
729 4628 807 4677 aero
825 4604 1016 4674 seueritate
1035 4599 1133 4670 serbo
1153 4601 1333 4691 iacientes3
1357 4619 1392 4676 et
1418 4606 1678 4701 superstitionem
1697 4603 1923 4690 attendamus,
1947 4609 2039 4698 cujus
2062 4605 2166 4682 fontes
2184 4607 2335 4682 dordonis

640 4802 876 4832 ψ

686 4924 734 5003 ll)
754 4921 850 4986 ldatllo
867 4916 944 4984 xlx.
961 4917 1017 4995 28,
1038 4921 1111 4984 Lac.
1128 4917 1169 4982 11.
1183 4919 1240 4996 36,
1262 4923 1324 4986 le.
1342 4917 1448 4988 XXVI.
1467 4920 1507 4998 7,
1534 4921 1592 4988 sae
1610 4919 1635 4988 i.
1655 4921 1693 5000 l,
1714 4921 1796 5002 lpse
1813 4917 1892 4985 xxi.
1911 4919 1959 4986 12.
2097 4915 2099 4922 ’

687 5025 732 5104 (2)
754 5023 816 5086 vid
835 5021 984 5086 heure
1001 5021 1051 5085 lt.
1069 5019 1169 5102 esee
1182 5035 1237 5102 seq.

689 5125 734 5208 (3)
754 5125 871 5192 meror.
889 5122 1007 5205 Vesper.
1024 5143 1046 5186 ο
1064 5121 1093 5184 5.
1133 5119 1229 5203 loom
1249 5119 1333 5184 ute.
1352 5117 1394 5186 11.
1415 5117 1464 5184 78.
