5467 6500
1344 820 1647 899 ·-ot...

654 1007 843 1093 Sentinate,
867 1013 923 1103 qni
948 1010 1027 1081 'eum
1050 1015 1113 1080 suis
1134 988 1222 1079 notis
1242 1005 1435 1081 instructum
1467 1017 1589 1105 primns
1615 1013 1717 1083 edidit
1740 1011 2021 1108 Constantinopoli
2043 1043 2128 1089 anno
2150 994 2336 1110 libili),

656 1128 765 1198 locum
786 1127 932 1211 addidit,
958 1134 1013 1221 qui
1036 1132 1159 1199 duobus
1182 1130 1351 1220 postremis
1367 1132 1493 1220 paginis
1506 1135 1721 1213 continetur,
1743 1156 1838 1225 quem
1860 1158 1892 1205 se
1910 1138 1987 1203 olibi
2007 1141 2158 1229 reperisse
2184 1154 2339 1220 testatur,

658 1266 691 1319 et
714 1252 905 1317 verbotenus
930 1274 1004 1318 mor
1030 1251 1211 1338 descripsit.
1270 1248 1387 1327 Vidi,
1413 1248 1459 1313 sic
1482 1250 1548 1327 eit,
1573 1254 1612 1315 ia
1633 1253 1831 1319 Annalibus
1862 1253 2114 1337 Gutdaeorum,
2138 1268 2171 1325 et
2193 1280 2338 1325 comm&

657 1378 842 1435 morarunt
864 1368 947 1456 (lsi),
972 1390 1061 1456 quae
1079 1373 1118 1431 in
1140 1366 1394 1435 Commentario
1410 1362 1559 1453 quodam
1580 1364 1734 1457 (dm)
1757 1369 1973 1438 ludaeorum
1995 1375 2169 1445 uiderant.
2213 1376 2342 1463 Quibus

658 1486 753 1553 dictis
777 1486 922 1574 sequitur
942 1487 1082 1553 narratio
1102 1484 1359 1575 expeditionis,
1385 1506 1487 1571 quam
1509 1482 1689 1551 Sodaudae
1700 1534 1711 1567 ,
1734 1487 1812 1554 Rex
1830 1492 2020 1557 Armeniae
2038 1496 2187 1557 raineris
2217 1498 2268 1580 (ut
2287 1494 2340 1559 idi

657 1604 792 1691 dicitur)
821 1610 1032 1695 suscepisset
1052 1605 1103 1671 ad
1120 1602 1266 1671 Josuans
1281 1652 1291 1680 ,
1308 1612 1497 1693 postquam
1517 1606 1550 1667 is
1567 1602 1765 1671 camaram
1785 1618 2071 1698 expugnaverat,
2090 1610 2342 1677 debellandum.

658 1723 747 1791 llaec
767 1737 874 1791 entem
899 1725 1085 1791 summatim
1109 1723 1258 1797 convenit
1281 1743 1354 1787 cum
1379 1722 1438 1801 iis,
1465 1742 1547 1811 quae
1574 1724 1607 1787 in
1639 1722 1738 1789 Libro
1753 1724 1909 1793 Josnaes
1937 1750 2008 1817 cap.
2028 1728 2340 1797 xxvi-xxxin

657 1841 752 1908 desi
772 1844 976 1933 expeditione
995 1845 1166 1921 feruntnr3
1187 1863 1286 1931 quere
1304 1841 1340 1909 J.
1360 1841 1403 1909 H.
1421 1840 1662 1909 coronemus
1677 1843 1726 1927 (2)
1747 1844 1900 1911 eumdem
1917 1845 2023 1911 locum
2043 1846 2134 1913 Libri
2146 1846 2340 1924 landasia,

656 1960 711 2026 sed
732 1984 770 2026 er
790 1963 853 2026 alio
866 1960 972 2050 Opere
985 1960 1139 2049 judaico:
1167 1960 1432 2027 Sedatseltdtetls
1445 1958 1681 2026 Rakkaddala
1704 1934 1860 2075 (nbnpn
1883 1936 2076 2049 ΠῊῊ),
2101 1966 2135 2031 id
2153 1979 2200 2031 est
2216 1970 2341 2031 eatena

657 2080 890 2158 traditionis,
916 2082 1058 2147 tuerere
1078 2080 1120 2145 li.
1148 2080 1326 2158 Genetri,
1351 2078 1461 2145 seculo
1490 2078 1598 2145 medio
1624 2080 1683 2144 16ο
1700 2080 1847 2159 virente,
1870 2080 1995 2161 citans,
2027 2082 2237 2159 existimarit,
2264 2081 2341 2149 Aa

655 2198 756 2261 nates
778 2196 1027 2275 Coitlsaeorum,
1050 2197 1097 2261 ibi
1123 2196 1290 2274 laudatos,
1316 2197 1421 2285 ipsum
1446 2218 1515 2263 esse
1534 2197 1668 2265 domiue
1689 2198 1844 2267 titum.
1902 2198 1983 2283 Quia
2007 2224 2101 2279 sero,
2126 2213 2162 2266 ut
2192 2200 2341 2267 Hortu-

657 2331 766 2379 esttus
789 2313 904 2402 prssim
935 2315 1032 2378 etiem
1063 2325 1221 2392 testetur,
1256 2336 1369 2381 eorum
1384 2317 1535 2405 -ospitum
1562 2328 1786 2404 argumentum
1816 2316 1938 2405 ubique
1960 2318 2003 2383 in
2032 2317 2260 2407 compendium
2290 2338 2342 2385 re-

659 2430 786 2497 dactum
808 2442 879 2509 est,
902 2451 939 2495 so
964 2430 1118 2496 nonnulla
1142 2431 1239 2497 etism
1261 2431 1421 2497 interdum
1445 2431 1631 2510 adduntur,
1657 2454 1740 2519 quae
1763 2435 1796 2497 in
1819 2432 1925 2499 Libro
1945 2432 2077 2501 laeuae
2099 2434 2339 2512 desiderantur,

657 2550 720 2616 alia
740 2540 816 2615 sero
846 2548 911 2615 olio
932 2550 1028 2615 etiam
1048 2548 1164 2628 modo,
1187 2572 1253 2637 quo
1273 2551 1308 2615 in
1339 2572 1378 2615 eo
1402 2550 1525 2629 Libro,
1556 2564 1746 2628 narrantur,
1771 2550 1976 2617 statuendum
2001 2565 2049 2619 est
2062 2600 2071 2631 ,
2097 2552 2149 2619 vet
2179 2551 2342 2631 Judaeum

656 2669 773 2747 illum,
798 2668 890 2755 eujus
919 2667 1015 2733 rerba
1045 2668 1087 2735 lt.
1110 2666 1294 2735 scarnen.
1316 2668 1483 2735 Secuntur
1506 2668 1642 2747 retulit,
1673 2667 1765 2733 Libri
1796 2668 1915 2734 iosuae
1944 2666 2065 2735 (indice
2089 2690 2182 2735 nsum
2209 2692 2341 2751 esse,.a

656 2785 778 2852 (lodice
797 2785 940 2871 lepdensi
962 2805 1154 2873 magnopere
1175 2783 1320 2863 deesse,
1345 2809 1485 2874 eumque
1509 2787 1597 2851 hunc
1617 2788 1856 2874 arrepsisse,
1881 2787 1934 2853 sil
1952 2786 2058 2854 aliud
2079 2788 2174 2877 Opus
2193 2790 2339 2857 tristari·

656 2925 730 2969 eum
752 2904 1006 2966 samaritanum
1026 2918 1098 2965 enm
1114 2900 1334 2980 consuluisse,
1354 2903 1447 2989 eujus
1461 2903 1583 2967 Auctor
1604 2903 1670 2967 sire
1690 2923 1728 2967 ex
1751 2904 1864 2981 eodem
1885 2906 1996 2983 lente,
2011 2906 2236 2994 quoSoriptor
2248 2906 2341 2981 Libri

654 3022 795 3097 iosuae,
820 3018 981 3097 hauserit,
1007 3018 1098 3097 sire,
1121 3019 1148 3082 si
1170 3014 1256 3083 bunc
1273 3019 1411 3087 Librum
1432 3031 1560 3087 secutus
1579 3020 1642 3095 sit,
1661 3040 1735 3085 erm
1753 3018 1920 3087 historiam
1944 3022 1977 3087 in
1996 3021 2223 3109 compendium
2248 3022 2341 3091 rede·

655 3136 922 3229 peritsnliwe
941 3135 1084 3202 fontibus
1108 3149 1271 3224 praeterea
1295 3137 1326 3201 in
1349 3160 1423 3208 suos
1442 3159 1516 3205 usus
1533 3139 1715 3217 conversis,
1739 3136 1801 3203 elia
1821 3139 2018 3217 mutaverit,
2040 3138 2102 3203 alia
2123 3137 2296 3207 addiderit.

700 3259 787 3326 Num
817 3279 891 3328 sero
910 3254 1028 3324 dixerit
1051 3254 1233 3330 Scunttuttt.
1264 3255 1448 3336 Sonuere,
1477 3257 1653 3346 perhibens
1686 3255 1935 3332 Samaritanus
1966 3258 2055 3322 lano
2083 3259 2271 3324 historiam
2298 3281 2342 3326 ea

656 3378 802 3468 Scripta
827 3374 977 3466 quodam
986 3373 1139 3462 judaieo
1159 3380 1326 3442 sumsisse
1339 3423 1361 3453 ,.
1373 3396 1438 3443 non
1458 3387 1594 3454 eonstst.
1643 3374 1743 3447 Liber
1762 3374 1914 3463 judaicus
1934 3373 2117 3464 ignoretur,
2139 3388 2171 3442 et
2192 3377 2226 3442 in
2242 3375 2341 3444 Libro

656 3499 776 3565 Josuue
794 3497 865 3584 ejus
884 3495 993 3564 reine
1010 3492 1110 3563 serbo
1129 3493 1260 3582 quidem
1286 3495 1324 3558 fit
1343 3495 1480 3563 mentio.
1527 3495 1678 3562 Attamen
1697 3496 1724 3560 si
1742 3495 1818 3558 elias
1839 3492 2037 3591 attendimus
2060 3495 2280 3574 narrationes,
2303 3517 2341 3561 eo

657 3618 692 3680 in
716 3614 817 3681 Libro
844 3613 971 3689 obrias,
998 3609 1082 3675 illud
1109 3632 1174 3676 non
1198 3610 1416 3698 improbabile
1446 3624 1508 3677 est.
1566 3613 1611 3678 lla
1645 3612 1754 3688 enim,
1788 3631 1870 3698 quae
1899 3611 1940 3686 de
1961 3615 2164 3701 litigatione
2184 3611 2340 3681 ludaeos

658 3737 755 3797 inter
782 3739 815 3796 et
851 3728 1101 3796 Samaritanae
1130 3726 1174 3792 de
1208 3726 1335 3795 Codice
1371 3727 1602 3797 Pentateuohi
1631 3730 1718 3817 (erp.
1750 3728 1878 3813 xiv),
1910 3727 1951 3794 do
1979 3730 2185 3796 Alexandro
2218 3755 2344 3821 mque

662 3852 747 3938 (esp.
771 3847 911 3930 XLVI),
940 3843 1191 3914 dedaste-tant
1217 3864 1292 3910 eum
1319 3842 1509 3910 Sacerdote
1529 3847 1840 3931 diiroeolymitano
1865 3848 2043 3935 colloquio
2074 3851 2158 3938 (cap.
2182 3847 2340 3936 XLVll),

659 3968 741 4046 elio,
765 3969 799 4034 in
824 3968 943 4035 Josuse
959 3963 1071 4036 ,Libro
1093 3962 1289 4048 traduntur,
1320 3964 1490 4033 maximam
1520 3975 1646 4053 partem
1671 3984 1746 4030 oum
1776 3964 1816 4031 iis
1844 3965 2059 4046 conueniunt,
2092 3989 2172 4054 quse
2198 3967 2343 4044 Faustus

658 4087 856 4165 tosseuus,
879 4085 1000 4174 aliique
1021 4081 1139 4150 iudaei
1159 4079 1200 4146 de
1221 4079 1335 4148 iisdem
1357 4081 1455 4148 rebus
1474 4079 1664 4149 retulerunt.
1700 4084 1728 4149 Δ
1751 4081 1956 4150 samaritanis
1977 4082 2055 4149 haec
2075 4096 2198 4153 tentum
2220 4095 2343 4154 mutata

659 4218 694 4272 et
712 4216 864 4270 exornata
883 4213 981 4280 eunt,
1002 4199 1060 4267 ubi
1076 4219 1204 4286 maesse
1221 4208 1311 4277 eret,
1337 4210 1374 4263 ut
1397 4197 1493 4285 hujus
1514 4201 1625 4268 Gentis
1648 4201 1759 4270 usibus
1778 4221 1814 4266 er
1831 4199 2161 4282 accommodarentur.

705 4321 860 4411 Superest
881 4334 917 4386 nt
939 4318 1125 4398 rideamus,
1150 4337 1247 4407 qnam
1267 4329 1429 4405 praestent
1450 4317 1624 4386 utilitatem
1649 4319 1747 4387 Liber
1766 4320 1887 4387 toruae
1906 4326 1940 4382 et
1966 4316 2038 4381 Abu
2061 4317 2188 4391 ’ldstlai
2204 4315 2344 4386 Chroni-

659 4463 721 4506 oon
746 4442 780 4505 in
798 4439 940 4504 ilistoril
961 4437 1150 4503 samaritani
1174 4435 1373 4504 illustrandis.
1403 4435 1542 4504 Summis
1560 4449 1667 4504 tamen
1692 4437 1788 4503 labris
1812 4455 1881 4500 eam
1905 4435 2123 4522 quaestionem
2145 4435 2212 4506 h.i.
2232 4452 2342 4528 tenpe-

661 4581 744 4650 mus·
793 4555 875 4624 Nem
892 4553 933 4621 de
955 4555 1020 4621 illo
1039 4551 1141 4621 Libro
1159 4550 1270 4620 dedite
1291 4555 1388 4644 operi
1406 4553 1499 4620 nobis
1520 4553 1739 4621 disserendum
1761 4550 1860 4617 estin
1881 4551 2139 4642 Prolegomenis,
2166 4555 2234 4640 ejus
2249 4553 2341 4622 Libri

660 4674 801 4759 editioni
822 4669 1085 4762 praemittendis:
1109 4656 1148 4736 ao
1170 4667 1210 4737 de
1231 4665 1304 4761 dbis
1324 4667 1458 4748 'l-iethi
1476 4692 1573 4760 opere
1591 4669 1707 4738 melius
1728 4661 1857 4735 demum
1872 4681 1905 4736 et
1927 4669 2175 4748 consummatius
2191 4671 2342 4773 judicare

704 4984 747 5058 (1)
767 4985 864 5044 Wonr.
883 4983 936 5044 l.l.
957 4984 1034 5046 Tem.
1050 4985 1080 5058 l,
1100 5006 1128 5065 p.
1150 4982 1227 5045 1122
1245 4992 1271 5045 el
1295 4985 1362 5046 104.
1828 5015 1832 5033 ‹
2011 5019 2018 5026 -
2064 5065 2068 5074 Ι

702 5084 746 5159 (tl
767 5084 847 5144 Ilien
866 5083 973 5142 orient.
993 5083 1089 5162 Tignri
1104 5083 1200 5156 1660,
1220 5105 1248 5163 p.
1260 5084 1297 5143 el
1316 5102 1392 5162 seqq.
1438 5077 1482 5158 Ibi
1499 5083 1589 5162 amen
1611 5079 1684 5142 loeus
1704 5078 1783 5142 Libri
1820 5083 1943 5151 ,arimin
1962 5101 2019 5170 pon
2038 5083 2072 5146 sd
2089 5085 2274 5174 finemusque
2289 5083 2341 5150 de

660 5183 811 5257 scribitur,
831 5199 920 5262 neqm
939 5180 1021 5242 etiam
1038 5181 1138 5262 ubique
1154 5201 1219 5244 enm
1234 5183 1278 5246 ed.
1299 5178 1576 5264 Consiapl..eju.tdopn
1593 5179 1675 5264 Libri
1688 5182 1843 5270 conperit..
1905 5215 1912 5223 ·
1938 5261 1942 5270 Ι
2052 5215 2056 5225 ·
