5467 6500
1339 838 1514 917 -78
1563 876 1645 909 -.

643 1036 801 1125 majorem
812 1033 847 1106 in
864 1032 931 1103 dies
941 1032 1148 1105 Samaritanis
1164 1030 1317 1101 insidiam
1330 1032 1524 1101 excitarunt.
1568 1029 1624 1100 Sic
1642 1028 1834 1121 intelligitur
1849 1050 1965 1119 ,qnam
1973 1026 2141 1121 jucundus
2153 1025 2204 1097 his
2218 1045 2328 1123 postes

646 1156 744 1223 fuerit
771 1168 844 1223 ante
867 1154 1042 1244 ldebemjae
1064 1152 1256 1233 adrentum,
1274 1152 1429 1219 ruderum
1447 1148 1642 1243 adspectum
1667 1172 1773 1241 oeque
1792 1150 1946 1217 mirmur
1968 1148 2163 1217 indefessum
2184 1152 2329 1241 ipsorum

646 1272 809 1351 studium.
832 1297 897 1364 quo
916 1296 1027 1345 carere
1048 1272 1267 1351 conabuntur,
1285 1294 1327 1339 ne
1348 1272 1426 1339 urbs
1448 1273 1697 1351 restitueretur,
1714 1269 1903 1361 praesertim
1916 1290 1991 1337 sero
2009 1291 2049 1336 ne
2061 1267 2139 1336 baec
2160 1268 2330 1337 moenibus

647 1391 841 1479 cingeretur.

689 1507 728 1572 ln
742 1507 798 1573 tali
811 1528 920 1574 rerum
925 1506 1130 1595 judaicarum
1150 1506 1336 1577 conditione
1347 1506 1555 1583 samaritanis
1571 1505 1765 1574 ineill’unorn
1777 1519 1847 1575 erat
1864 1504 1979 1575 mediis
1990 1504 2086 1572 etiarn
2097 1503 2330 1593 Hierosolymis

646 1625 787 1714 partium
819 1625 882 1693 sibi
902 1627 1115 1716 propitiarum
1140 1627 1203 1695 rim
1234 1626 1453 1695 corroborare.
1497 1624 1618 1702 ludaei
1638 1625 1749 1704 enim,
1785 1624 1902 1714 quibus
1923 1623 2135 1692 Hibrmchiae
2164 1624 2331 1694 austeritrs

646 1740 856 1833 displiceret,
883 1746 907 1809 ii
926 1768 1048 1834 porro,
1074 1746 1130 1833 qui
1150 1766 1166 1810 a
1186 1744 1452 1815 Minisuiasacris
1469 1742 1705 1823 abborrerent,
1728 1741 1825 1809 Socra
1845 1744 2083 1834 negligentibus
2094 1790 2115 1835 ,n
2128 1741 2236 1833 acsili
2253 1740 2331 1809 haec

646 1862 781 1943 avaritiis
800 1862 909 1929 odiosa
920 1862 1148 1943 reddentibus,
1172 1863 1228 1930 alii
1240 1863 1402 1953 denique,
1426 1884 1506 1952 quor
1527 1860 1631 1951 rigida
1652 1862 1883 1931 nonnullorum
1900 1863 2073 1941 severitus,
2093 1872 2128 1929 et
2144 1862 2329 1953 linguatum

647 1978 827 2057 rorationes
847 1980 1089 2052 exacerbassent
1107 1981 1183 2067 (l),
1207 1998 1421 2071 quorumnam
1440 1979 1717 2067 iipatrociuium,
1743 1981 1953 2058 societatem,
1978 1978 2162 2047 clientelam
2180 1992 2330 2069 peterent

644 2096 771 2183 petius,
797 2119 892 2186 quam
911 2096 1214 2167 Samaritanorum?
1260 2097 1386 2164 Horum
1406 2097 1631 2162 auctoritatem
1660 2095 1780 2166 ludaei
1798 2094 1972 2164 adversarii
1988 2096 2077 2162 sui'
2067 2097 2129 2186 rpsi
2146 2094 2262 2187 egendi
2277 2117 2331 2159 rn-

646 2211 733 2277 tione
762 2213 855 2279 inriti
876 2214 1122 2323 confirmabant.
1174 2214 1275 2292 llere,
1308 2215 1402 2279 occet
1439 2191 1589 2304 precibus
1624 2214 1765 2320 primum
1786 2212 1909 2305 populo
1940 2214 2073 2279 suadere
2105 2226 2262 2291 conetur,
2293 2226 2332 2278 ut

647 2330 782 2417 quisque
803 2334 988 2420 peregrinas
1010 2354 1122 2400 uxores
1143 2330 1307 2467 dimittntg
1343 2352 1381 2397 ac
1402 2330 1491 2398 felici
1517 2352 1665 2399 successu
1672 2377 1685 2413 ,
1714 2352 1792 2469 qnp
1812 2351 1851 2397 eo
1873 2349 1977 2420 usqne
2002 2325 2179 2419 gaudebat,
2204 2328 2329 2407 elatus,

644 2564 705 2629 mis
718 2562 919 2645 habendum,
945 2569 1023 2657 quin
1036 2567 1222 2653 absentibus
1233 2567 1380 2633 Exsilir'
1398 2588 1536 2657 poenam
1551 2563 1918 2635 minatum-liabetur
1938 2533 2139 2645 conventus,
2165 2564 2219 2631 scd
2240 2567 2328 2655 gravi

647 2682 749 2748 imbre
761 2684 1017 2773 interrumpitur.
1063 2686 1127 2753 Res
1150 2684 1250 2773 igitur
1265 2683 1472 2765 Duumsiris,
1496 2683 1634 2761 eodem,
1658 2704 1723 2773 quo
1737 2682 1817 2749 Earn
1844 2679 2029 2760 lerebatur,
2054 2680 2165 2748 lurore
2182 2684 2327 2773 agitatis,

643 2797 781 2886 gerenda
799 2801 1025 2871 committitur.
1072 2800 1206 2867 Duobus
1225 2802 1317 2865 sociis
1329 2800 1433 2889 ndjuti
1444 2851 1455 2883 ,
1478 2799 1514 2866 bi
1533 2814 1653 2867 terram
1670 2809 1868 2889 peragrant,
1891 2798 2136 2892 peregrinarum
2155 2799 2328 2869 mulierum

644 2914 824 3005 catalogum
842 2915 1072 2994 conscribunt,
1096 2928 1130 2981 et
1150 2916 1232 2984 intra
1255 2922 1276 2982 3
1296 2920 1453 2986 mensium
1473 2919 1611 3009 spatium
1627 2915 1766 2983 redeunt
1786 2916 1850 3003 (2).
2123 2987 2128 2996 ,

688 3032 777 3099 Res
769 3045 813 3099 rta
832 3033 1082 3123 praecipitanter
1101 3047 1255 3122 peracta,
1279 3057 1344 3123 qun
1364 3035 1532 3127 pauciores
1549 3032 1684 3102 Judneis
1704 3032 1829 3111 fructus
1848 3030 1981 3113 tulerit,
2005 3053 2044 3102 eu
2064 3034 2164 3124 magis
2187 3032 2327 3101 Samari·

643 3152 723 3223 tanis
743 3149 882 3241 proluit
928 3149 1097 3237 Getulogus
1121 3172 1256 3230 eurum,
1281 3154 1338 3241 qui
1364 3164 1484 3220 exterus
1508 3174 1619 3220 uxores
1646 3149 1829 3218 dimiserint
1848 3151 1922 3238 (3),
1953 3149 2012 3216 ubi
2036 3151 2266 3231 Sacerdotes,
2296 3164 2328 3217 et

642 3250 833 3360 Principes
852 3267 913 3334 soli
928 3267 1059 3336 lortnsse
1076 3283 1304 3350 recensentur,
1327 3290 1484 3338 summam
1509 3272 1610 3338 Earee
1621 3269 1742 3361 probet
1761 3270 2012 3351 auctoritatem·
2035 3268 2130 3334 simul
2144 3290 2217 3334 sero
2239 3270 2330 3334 exin·

552 3463 554 3472 Ι
643 3384 683 3458 de
703 3385 909 3457 manifestum
926 3398 997 3464 est,
1034 3405 1154 3453 morem
1173 3398 1294 3452 exteras
1319 3408 1432 3454 uxores
1453 3383 1593 3453 ducendi
1616 3397 1695 3454 tune
1715 3385 1808 3454 raldo
1826 3386 2024 3454 invaluissse.
2077 3383 2197 3462 Omnes
2216 3397 2331 3454 contra

643 3508 667 3570 si
691 3507 723 3572 in
744 3506 890 3596 catalogo
918 3505 1150 3597 nominentur,
1186 3503 1242 3592 qui
1268 3504 1367 3570 Errare
1387 3503 1547 3570 uoluntati
1576 3505 1721 3571 obsecuti
1740 3506 1825 3583 sint,
1857 3503 1975 3571 horum
2004 3503 2157 3593 profecto
2176 3516 2328 3570 numerus

643 3597 728 3686 lieud
752 3625 795 3687 ita
815 3644 946 3710 magnus
967 3612 1061 3701 fuit,¹
1088 3620 1243 3686 simulla
1271 3632 1459 3709 reputamus
1482 3620 1681 3689 Judaeorum
1712 3622 1843 3688 miztia.
1893 3619 2082 3708 Complures
2102 3643 2236 3704 corum,
2272 3623 2328 3710 qui

644 3737 746 3804 Ezrae
767 3736 898 3802 obedire
919 3735 1094 3814 nolebant,
1125 3748 1157 3802 ct
1180 3736 1299 3802 Exsilio
1317 3738 1568 3828 puniebantur,
1589 3739 1627 3804 ad
1656 3738 1869 3806 Samaritanus
1890 3748 1979 3804 certo
1999 3715 2214 3817 transierunt,
2239 3739 2326 3828 iique

643 3852 762 3921 Jahves
786 3851 897 3920 Cultui
922 3851 969 3918 ibi
986 3851 1193 3944 propagando
1212 3854 1337 3943 egregie
1355 3855 1506 3946 prodesse
1528 3830 1718 3947 potuerunt.
1756 3855 1864 3945 Atque
1882 3853 1946 3920 alie
1969 3854 2047 3920 item
2071 3856 2266 3922 incrementa
2289 3878 2326 3921 er

643 3969 730 4038 hisce
742 3971 828 4061 cepit
841 3970 1030 4036 samaritana
1050 3969 1254 4086 Respublica.
1280 3971 1453 4061 Migrantes
1477 3975 1563 4039 enim
1576 3973 1805 4040 commercium
1819 3995 1891 4040 curu
1905 3974 2047 4063 cognatis
2060 3973 2093 4037 iu
2110 3973 2234 4040 ledaea
2245 3975 2325 4039 reli-

642 4088 722 4167 ctis,
735 4109 798 4154 non
810 4112 918 4154 omnes
934 4087 1082 4178 prolecto
1096 4087 1227 4154 missum
1244 4087 1407 4156 lecerunt:
1400 4092 1509 4181 ·quod
1522 4074 1729 4160 samaritanis
1742 4112 1806 4156 non
1827 4105 1994 4195 acceptum
2006 4112 2072 4154 esse
2092 4112 2155 4154 non
2173 4102 2324 4180 poterat,

639 4220 676 4274 ut
697 4208 862 4309 utriusque
884 4207 993 4274 Gentis
1011 4204 1279 4288 necessitudinem
1304 4209 1474 4275 arctiorem
1493 4207 1692 4287 redderent,
1718 4207 1893 4298 odiumque
1913 4219 2063 4272 acuerent
2082 4205 2299 4279 Hierarchine
2330 4288 2335 4297 Ι

685 4325 809 4390 Ηοιιιιιι
832 4323 1030 4388 ludaeorum
1051 4323 1287 4430 transfugarum
1305 4327 1425 4391 auxilio
1426 4325 1612 4439 quomodo
1641 4325 1833 4394 Samaritani
1859 4321 1907 4386 usi
1932 4323 2019 4406 sint,
2044 4337 2082 4389 ut
2093 4325 2320 4431 impedirent,

642 4441 812 4529 quominus
838 4438 887 4505 illi
910 4437 1206 4534 Hierosolymorum
1236 4443 1363 4512 moenia
1373 4421 1463 4535 pust
1490 4423 1666 4534 Nehemjae
1687 4423 1865 4508 adrentum
1893 4441 2119 4520 restituerent,
2145 4421 2338 4528 memoriae¹

643 4557 809 4645 proditum
831 4569 888 4623 est.
937 4554 1100 4624 Sanballat
1117 4559 1258 4628 Judaeos
1279 4562 1419 4651 primurn
1436 4586 1455 4629 a
1471 4564 1690 4669 proposito
1666 4554 1871 4636 deterrebat,
1895 4554 1980 4621 istud
2006 4578 2086 4648 opus
2107 4556 2324 4653 rebellionem

643 4673 786 4740 recitans
807 4672 880 4760 (ὓς
905 4657 1031 4784 eusdem
1053 4689 1088 4745 ot
1108 4678 1149 4744 ab
1169 4677 1369 4771 aedificando
1388 4683 1559 4757 a‘rocarct,
1583 4671 1732 4744 convitiis
1753 4683 1785 4738 et
1803 4672 1945 4783 dicteriis
1961 4695 2034 4779 mor
2053 4646 2227 4744 lacessebat
2252 4675 2320 4762 (5);

646 4791 910 4881 persequentibus
933 4815 1011 4884 opus
1044 4792 1214 4862 deinde
1185 4815 1248 4862 surr
1270 4762 1409 4875 inferre,
1445 4805 1477 4863 et
1493 4816 1564 4884 per
1585 4778 1743 4860 ledaeos
1771 4793 1866 4856 inter
1894 4766 2143 4859 samareum}
2163 4794 2323 4938 degentes

1004 5029 1313 5088 ...’...ι.ι.
1696 5033 1836 5079 ’,.ἰ
1936 5032 1942 5040 ’
2054 5035 2295 5075 ιιι..

686 5124 729 5198 (ll
748 5123 816 5183 Neh.
834 5122 870 5192 V,
891 5122 1143 5187 etmat.111.s..1
1186 5175 1190 5187 ,
1251 5169 1255 5182 .
1303 5123 1641 5209 mammisea·
1642 5068 1684 5189 ,ι
1721 5174 1728 5186 .
1761 5074 1766 5084 ¹
1821 5075 1826 5083 ι
1867 5066 2121 5203 ι(3)Ειι“.·Χι18
2137 5147 2213 5208 seqq.

687 5223 730 5300 ιιι
751 5223 818 5284 uu.
835 5220 874 5281 11.
895 5223 940 5282 re.
1318 5228 1361 5309 ιι)
1383 5225 2038 5312 ren.111.ssssrs„eert.1eqq....
2114 5233 2152 5287 ·.
