5467 6500
1216 859 1638 938 0-92-

645 1056 687 1121 rte
712 1055 882 1123 nosrrnso
916 1065 1044 1122 tentans
1073 1053 1314 1133 adulterante,
1346 1069 1450 1142 quum
1478 1049 1505 1116 is
1537 1047 1670 1120 tortasse
1693 1075 1858 1142 graecane
1891 1053 2102 1126 Pentatenohi
2142 1057 2329 1127 versionem

645 1174 862 1239 conscriberet
886 1175 950 1260 (1).

689 1289 934 1357 Correctionum
969 1311 1080 1357 aarum
1102 1289 1301 1373 antiquitas
1318 1298 1484 1374 praeterea
1512 1285 1640 1366 elucet,
1664 1308 1700 1353 er
1732 1288 1879 1355 leserat
1908 1287 2005 1354 dictis
2034 1287 2074 1355 de
2103 1289 2161 1356 lita
2193 1277 2332 1380 quddam
2408 1363 2412 1374 ,

639 1407 780 1474 ludaeos
812 1408 896 1473 inter
927 1421 961 1475 et
991 1407 1207 1476 Samaritanus
1242 1406 1276 1469 in
1308 1405 1456 1493 Aegypto
1492 1427 1609 1474 coram
1637 1404 1832 1471 Ptolemaeo
1855 1406 2091 1473 Philometore
2119 1411 2235 1499 agitati
2264 1409 2327 1496 (2).

637 1525 869 1614 Disputahntur
891 1523 931 1591 de
950 1523 1079 1613 Templi
1099 1518 1377 1608 hierosolymitani
1395 1509 1430 1586 et
1447 1520 1661 1608 garinimiteni
1682 1521 1716 1586 in
1733 1520 1839 1587 Sacris
1865 1523 2062 1611 principatu.
2110 1523 2203 1610 Quod
2225 1547 2326 1614 quum

638 1643 830 1711 Samaritani
846 1642 1120 1734 aggrederentur,
1140 1640 1228 1705 locos
1247 1639 1272 1702 ii
1294 1659 1389 1728 supra
1412 1637 1556 1705 laudatos
1576 1641 1645 1706 sine
1663 1638 1763 1705 dnhio
1788 1639 1829 1706 ob
1848 1640 1956 1708 oculos
1978 1638 2151 1708 hebebant.
2199 1643 2324 1731 idque,

638 1762 716 1828 licet
737 1761 929 1838 Josrrnos,
953 1761 993 1828 de
1015 1759 1220 1827 Samaritenis
1240 1777 1365 1821 cansam
1389 1755 1636 1856 defendentibus
1657 1777 1697 1821 ne
1718 1757 1815 1822 serbo
1838 1757 1968 1846 quidem
1994 1759 2151 1849 loquens,
2175 1762 2329 1840 omiserit,

639 1881 682 1945 ita
705 1881 911 1947 menifestum
935 1892 1006 1958 cst,
1032 1879 1164 1944 ut'non
1193 1897 1273 1964 opas
1303 1875 1344 1940 sit
1366 1871 1808 1974 ipsorum.Sameritanorum
1831 1877 1871 1942 de
1904 1879 1940 1944 ed
1964 1877 2021 1945 lite
2045 1877 2169 1944 tabulas
2192 1879 2324 1956 offerre,
2404 1952 2409 1959 .

642 2019 747 2086 quae,
773 1985 918 2086 queuntis
945 1996 1142 2064 recentiores
1175 2005 1208 2060 ct
1229 1990 1320 2083 relde
1348 1991 1627 2069 exornamentis,
1664 2005 1850 2082 argumente
1878 1994 2030 2078 tradunt,
2049 1995 2166 2085 quibus
2189 2019 2276 2062 suam
2307 1998 2332 2060 ii

641 2117 832 2182 sententiam
859 2115 996 2204 probare
1017 2113 1214 2180 conabantur
1231 2112 1294 2198 (3).
1477 2102 1489 2112 ”

686 2234 804 2299 Tantus
838 2231 1046 2298 Pentateuchi
1072 2231 1252 2297 samaritani
1278 2241 1347 2294 tum
1378 2229 1411 2293 in
1434 2228 1511 2295 locis
1534 2227 1689 2308 laudatis,
1722 2241 1789 2298 tum
1813 2231 1845 2297 in
1867 2231 1937 2301 eliis
1961 2231 2160 2312 innumeris,
2191 2233 2330 2300 a'l'crtu

500 2393 503 2398 -
641 2351 856 2417 masorethico
882 2354 982 2439 magis
1013 2349 1159 2414 minuare
1188 2347 1359 2426 differens,
1401 2347 1598 2426 sexcenties,
1635 2348 1693 2412 uhi
1725 2350 1766 2414 ab
1797 2349 1859 2416 hoc
1883 2351 2048 2431 dissentit,
2085 2353 2234 2419 convenit
2257 2375 2330 2418 cum

642 2469 760 2536 Codice
788 2469 949 2546 hebraeo,
986 2490 1051 2556 qno
1077 2487 1151 2531 usus
1173 2476 1220 2531 est
1246 2465 1408 2555 interpres
1435 2467 1596 2531 versionis
1616 2466 1850 2536 alexandrinae.
1902 2469 2093 2548 Consentit,
2128 2483 2164 2534 ut
2189 2471 2326 2536 Gtsnsrr

642 2590 743 2655 serbis
764 2603 835 2657 utar
861 2591 936 2675 (t),
972 2595 1117 2675 aterque
1143 2585 1260 2654 Coelen
1282 2585 1314 2669 l)
1341 2589 1379 2651 in
1401 2587 1529 2671 magna
1556 2563 1660 2672 parte
1680 2608 1799 2650 earnm
1826 2587 2032 2667 lectionum,
2057 2609 2146 2676 qaae
2173 2589 2329 2675 glossam

640 2715 784 2798 rapiant
811 2715 924 2774 textae·
953 2707 1094 2770 illatam
1123 2702 1434 2769 emendatr'onemve
1462 2703 1729 2778 coniecturalem
1758 2704 1908 2768 locorum
1931 2705 2039 2793 paulo
2071 2691 2329 2792 difficilimum.

641 2827 676 2910 2)
703 2823 978 2889 accuratissime
993 2844 1106 2911 porro
1133 2825 1352 2883 consentiant
1366 2822 1569 2907 plerumque
1603 2826 1641 2886 r'n
1672 2827 1825 2910 parnis,
1849 2827 1951 2888 immo
1980 2829 2019 2888 r'n
2047 2827 2203 2888 rna’nr‘mr'a
2230 2847 2332 2912 saepe

640 2947 838 3021 momentis,
871 2961 1006 3005 sensum
1037 2940 1174 3002 omnino
1191 2957 1258 2999 non
1282 2933 1516 3012 metantibus,
1543 2939 1690 3021 r'ternqae
1711 2941 1748 2999 a'n
1768 2959 1883 3002 vocum
1909 2939 2138 3004 toleror-ansae
2157 2950 2328 3030 transpo-

642 3067 770 3129 sitione
789 3070 824 3126 et
836 3062 1095 3150 permutatione
1118 3055 1389 3120 arbitraria.-
1407 3050 1471 3118 Sic
1488 3052 1721 3140 praefixerat
1746 3051 1925 3118 ducenties
1952 3057 1990 3118 r'r'r
2010 3055 2238 3124 Samaritano
2259 3060 2329 3124 ad·

628 3181 776 3258 ’‘liturn,
798 3187 831 3243 et
846 3181 975 3242 centies
997 3177 1146 3241 circiter
1163 3173 1356 3239 detractum
1377 3175 1580 3252 invenitor,
1601 3173 1661 3238 ita
1677 3169 1815 3261 qnidam
1837 3177 1876 3236 at
1896 3169 2011 3240 LXX
2023 3220 2032 3253 ,
2064 3180 2191 3264 paucis
2215 3165 2332 3242 erem?

540 3296 549 3309 ⁸
640 3303 717 3390 plia
737 3290 1265 3386 exceptis,1eanrpresropede
1283 3300 1491 3381 sequantur.
1581 3308 1593 3319 ³

688 3416 740 3486 td
764 3418 884 3483 mirum
909 3413 996 3481 hunc
1016 3416 1184 3502 utriusque
1218 3410 1344 3479 Codicis
1366 3430 1558 3477 consensum
1596 3407 1845 3499 explicandum,
1869 3430 1966 3478 nemo
1988 3421 2075 3477 certe
2099 3408 2197 3479 hodie
2219 3415 2336 3504 opine·

644 3552 699 3605 tur
719 3538 868 3603 alterurn
892 3556 936 3601 ea
956 3535 1069 3599 altero
1099 3534 1250 3597 restrum
1274 3549 1349 3597 esse
1373 3529 1449 3616 (5);
1476 3525 1564 3616 quod
1595 3525 1804 3595 nullomodo
1827 3508 2032 3620 deripuere,
2057 3550 2093 3625 er
2116 3532 2229 3598 mutui
2249 3533 2329 3599 utri·

530 3675 539 3693 ·
646 3678 748 3745 usquc
767 3653 904 3735 Gentis,
938 3655 972 3718 a
999 3652 1033 3717 iu
1062 3649 1243 3717 Palaestini
1271 3650 1306 3713 et
1334 3648 1369 3712 in
1397 3645 1544 3734 Aegypto
1566 3645 1726 3727 yireutis,
1761 3644 1926 3712 simultate
1953 3647 2157 3715 menifestum
2189 3660 2239 3716 est
2265 3648 2329 3738 (6).

645 3774 734 3840 non·
752 3770 868 3837 melius
896 3790 966 3833 eam
1000 3767 1219 3856 quaestionem
1251 3762 1375 3841 solvas,
1412 3784 1510 3851 quam
1541 3764 1567 3829 si
1590 3762 1722 3842 statuis,
1757 3762 2011 3859 Pentateuchurn
2039 3764 2123 3833 inter
2154 3764 2337 3835 Samarita-

645 3914 703 3956 nos
739 3885 961 3956 introductum
987 3891 1054 3952 e'sae
1078 3895 1204 3963 aetate,
1228 3902 1311 3970 qaae
1348 3900 1413 3945 uon
1434 3879 1550 3971 procul
1580 3880 1720 3949 distata
1752 3892 1913 3971 tempore,
1949 3904 2016 3972 quo
2046 3882 2160 3950 Verrio
2186 3884 2340 3975 ejusdem·

646 4007 850 4076 alexandrine
880 4016 1059 4095 pararetur.
1105 4003 1195 4070 llaec
1216 4011 1324 4067 autam
1353 3999 1467 4066 Verrio
1479 4046 1490 4077 ,
1521 4012 1559 4067 nt
1588 4002 1667 4067 satis
1686 3998 1834 4081 donant,
1858 4002 2040 4092 conscripta
2067 4015 2114 4070 est
2134 4004 2193 4070 suh
2216 3990 2350 4072 Prota

643 4151 734 4195 maeo
752 4122 989 4213 Philadelpho,
1012 4122 1053 4186 ab
1065 4140 1149 4186 anno
1162 4120 1342 4185 nokero
1360 4130 1532 4209 regnante,
1554 4120 1698 4211 adeoque
1708 4123 1751 4187 60
1763 4100 1885 4202 annis,
1909 4134 1941 4189 et
1965 4120 2052 4210 quod
2071 4122 2232 4203 excurrit,
2254 4138 2328 4215 post

644 4270 739 4339 qnam
765 4244 936 4335 Templum
964 4240 1222 4333 gariainritanum
1252 4236 1418 4309 conditum
1440 4239 1492 4308 rit.
1540 4240 1595 4308 Sic
1626 4260 1702 4331 argo
1732 4236 1909 4333 explicatur
1939 4241 2040 4307 mirus
2063 4236 2225 4307 librorum
2242 4242 2328 4310 inter

648 4396 899 4423 Μ

682 4488 726 4561 (1)
747 4483 889 4564 Gssmpra
907 4480 990 4562 pso
1007 4481 1108 4543 nott.
1562 4484 1610 4565 (2)·
1626 4483 1710 4545 Aatt.
1727 4483 1808 4545 xtlt
1830 4482 1901 4545 ht.
2363 4526 2366 4531 .

683 4586 727 4665 (3)
746 4586 792 4646 Sic
808 4585 866 4645 tere
882 4603 916 4642 ea-
929 4580 1126 4643 resarciderit.
1150 4580 1289 4643 seditione
1309 4582 1485 4645 htemrdriaa
1501 4584 1619 4647 ludaeos
1633 4586 1705 4645 inter
1723 4590 1750 4643 at
1765 4581 1947 4643 Samarium·
1964 4582 2036 4653 ortt,
2059 4580 2119 4641 Rex
2135 4580 2164 4638 in
2189 4580 2326 4643 seditionis

641 4694 765 4747 auctores
785 4683 936 4764 inquisivit.
975 4679 1079 4742 ludicii
1096 4682 1295 4761 opportunitate
1322 4682 1359 4742 lta
1381 4690 1439 4745 acta
1459 4685 1509 4759 sit,
1542 4700 1705 4767 qumquem
1725 4688 1854 4743 arentum
1880 4680 2019 4751 habuerit,
2048 4684 2122 4739 certo
2147 4680 2201 4741 dici
2220 4686 2326 4763 nequit.

641 4788 774 4847 losrrnos
793 4782 910 4844 ludaeos
921 4783 1092 4861 umores,
1109 4802 1140 4842 ac
1159 4781 1227 4841 duos
1242 4782 1444 4857 Samaritanus,
1464 4784 1612 4843 Satlnenrr
1629 4787 1657 4841 et
1681 4780 1862 4839 Theodoriana
1882 4784 1969 4839 morte
1987 4774 2126 4839 anneta
2143 4800 2198 4841 esse
2214 4789 2326 4841 eonten-

640 4885 690 4946 dit.
717 4883 880 4945 Samaritani
907 4877 955 4959 (at
975 4880 1063 4941 Lilrr'
1077 4880 1187 4941 loram
1202 4902 1226 4941 c.
1237 4880 1327 4955 XLV)
1354 4880 1472 4943 ludaeos
1487 4882 1655 4959 inferiores,
1666 4949 1669 4957 ,
1680 4885 1706 4940 et
1731 4878 1773 4939 36
1797 4896 1893 4938 eornm
1912 4872 2057 4933 trucidatos
2077 4896 2150 4953 nasa,
2172 4879 2321 4959 perhibent·

640 4986 740 5045 Iasius
751 4984 784 5045 de
799 4984 831 5043 iis
847 4982 967 5062 exposuit
982 4971 1187 5050 hes'r'r-rarhos
1203 4980 1233 5038 in
1254 4979 1449 5059 armemus
1466 4978 1671 5058 fragmentum,
1690 4998 1749 5040 eam
1760 4974 1888 5038 exhibant
1901 4972 2056 5048 historiam,
2071 4974 2154 5036 edidit
2162 4978 2331 5039 &norm

643 5088 699 5164 tlt.
718 5087 836 5165 Repert.
857 5082 887 5143 T.
899 5081 929 5155 1,
943 5102 972 5162 p.
984 5079 1042 5140 124
1058 5100 1144 5160 seqq„
1161 5076 1223 5139 coll.
1241 5076 1312 5145 Act.
1330 5074 1412 5155 lips.
1428 5096 1458 5155 p,
1470 5076 1558 5158 169.)
1733 5075 1776 5155 (lt)
1799 5075 1897 5135 Gasrr.
1914 5071 1962 5136 l.l.
1981 5074 2058 5153 plo
2073 5093 2128 5155 req.

688 5186 730 5263 (5)
749 5185 843 5253 flare,
863 5182 981 5263 stoque
994 5180 1134 5259 opiniones
1152 5178 1230 5239 laten
1243 5176 1350 5260 egregie
1363 5176 1491 5239 runaut
1510 5174 1675 5239 (insanit.
1695 5196 1724 5256 p.
1738 5174 1772 5234 ll
1790 5193 1864 5255 seqq.

681 5283 727 5364 (6)
748 5285 811 5347 vid.
827 5284 941 5349 locun·
955 5278 1039 5346 Anst.
1057 5274 1123 5340 ΧΠ.
1140 5276 1168 5339 l.
1185 5276 1223 5357 l.,
1240 5282 1267 5341 et
1282 5276 1365 5343 XIII.
1380 5278 1461 5353 Μ)
1482 5279 1542 5343 coll.
1560 5278 1648 5341 Lttro
1665 5274 1772 5340 Jonas
1788 5272 1915 5347 ettv,
1933 5278 1959 5333 el
1970 5268 2159 5339 heth-rarho
2176 5268 2225 5328 hle
