5467 6500
1105 846 1397 931 ...27-

407 1049 485 1135 Qus
506 1061 585 1115 roee
607 1042 640 1111 in
661 1052 785 1112 testem
808 1042 951 1123 inserti,
973 1042 1092 1135 ceptris
1111 1044 1307 1128 adamante
1328 1050 1400 1159 Ἦ)
1421 1040 1553 1128 addita,
1579 1042 1611 1115 in
1637 1042 1783 1139 exemplo
1800 1055 1883 1120 'rere
1904 1046 2094 1143 interpretis

409 1192 517 1263 arabis
537 1162 667 1309 ¹⁸7in
686 1210 724 1259 ex
745 1193 841 1309 tem
866 1200 1055 1280 corruptum
1074 1202 1135 1263 est.

456 1338 625 1407 Praeterea
643 1337 677 1403 is
697 1332 775 1403 loeis
791 1334 907 1427 anag.
924 1334 1061 1406 laudatis
1071 1384 1084 1419 ,
1103 1333 1233 1403 additur
1253 1340 1323 1453 Ἢ
1342 1337 1425 1453 ’522
1435 1388 1445 1421 ,
1464 1358 1528 1405 non
1541 1358 1617 1404 rere
1629 1338 1701 1408 inl.
1713 1337 1738 1411 l.
1750 1336 1874 1411 chron.
1888 1391 1897 1423 ,
1912 1338 1969 1411 ubi
1987 1355 2095 1415 tamen
2230 1391 2233 1400 ,

407 1485 444 1551 in
463 1481 637 1551 codicibus
665 1477 845 1562 hebraicis,
872 1481 991 1573 quibes
1009 1479 1184 1549 utebantur
1211 1479 1410 1572 Interpretss
1438 1503 1530 1573 syrus
1552 1496 1586 1553 et
1603 1484 1718 1565 arabe,
1748 1484 1833 1555 baec
1865 1487 1962 1557 rerba
1985 1511 2022 1557 ex
2053 1491 2092 1557 iis

407 1600 488 1668 locis
505 1597 633 1688 adjecta
649 1609 752 1667 eraut.
801 1599 850 1667 Ae
869 1597 1015 1667 Medios
1035 1596 1137 1663 urbes
1157 1599 1329 1665 memorari
1351 1599 1437 1665 inter
1457 1599 1526 1667 loca
1538 1648 1547 1679 ,
1561 1621 1715 1690 quorsum
1726 1601 1946 1673 israelitarum
1959 1605 2091 1675 lixsules

406 1715 572 1797 abierint,
596 1717 669 1807 quis
690 1714 856 1785 miraturi
900 1715 945 1783 Hi
965 1716 1000 1785 in
1018 1713 1124 1783 dictas
1144 1716 1289 1807 regiones
1309 1716 1477 1797 translati,
1499 1716 1624 1788 Mediae
1633 1720 1703 1811 jam
1723 1734 1815 1789 erant
1836 1722 2035 1813 propinqui,
2060 1733 2094 1789 et

408 1834 443 1902 in
474 1854 545 1901 eam
575 1844 669 1901 corte
699 1832 796 1901 mnlti
823 1831 915 1901 brevi
948 1832 1180 1924 migratorint,
1212 1834 1421 1925 praesertim,
1450 1848 1621 1925 postquam
1650 1835 1764 1917 Medi,
1797 1838 1908 1929 Regno
1936 1838 2094 1927 assyriaeo

405 1972 539 2031 erorso,
562 1950 620 2019 has
638 1963 740 2018 terras
757 1963 1004 2041 expugnarunt,
1025 1949 1107 2017 adeo
1129 1962 1168 2017 ιιι
1184 1948 1342 2016 credibile
1362 1950 1424 2031 sit,
1449 1952 1542 2021 Libri
1560 1955 1684 2045 Regem
1708 1953 1884 2023 Auctorem
1905 1953 2035 2023 Exsnles
2058 1958 2093 2023 in

405 2067 591 2157 Medorum
614 2070 756 2139 sordidus
787 2070 940 2163 degentes
968 2067 1166 2158 cognovisse.
1215 2066 1304 2135 Fieri
1325 2088 1402 2157 ergo
1429 2080 1560 2157 potest,
1593 2072 1725 2159 etipse
1754 2074 1787 2137 in
1813 2070 1993 2151 Gbronieo,
2025 2093 2092 2161 quo

408 2206 484 2251 usus
500 2187 562 2267 sit,
592 2207 659 2255 non
685 2186 783 2279 plura
810 2187 946 2277 legerit,
971 2207 1068 2277 qnam
1090 2182 1237 2273 Scriptor
1260 2182 1518 2265 chronieorum,
1538 2199 1637 2275 utque
1657 2184 1699 2255 de
1718 2208 1776 2255 sue
1800 2186 1898 2257 rerba
1919 2186 1990 2306 etp?
2011 2194 2093 2306 Ἢ

407 2329 447 2393 iis
470 2327 549 2395 loeis
578 2351 642 2398 una
673 2351 750 2399 eum
775 2328 848 2399 aliis
874 2330 1021 2410 notitiis,
1043 2327 1087 2396 do
1113 2327 1232 2417 quibes
1258 2326 1539 2417 supradiximus,
1572 2331 1770 2420 apposuerit.
1808 2334 1916 2403 llaec
1934 2335 2032 2403 rerba
2058 2336 2093 2401 in

409 2444 531 2515 codiee
557 2444 713 2516 bebssioe
733 2448 841 2539 gruem
864 2444 1063 2515 alexandrini
1083 2445 1295 2535 interpretis,
1318 2446 1472 2513 vertentis
1501 2460 1640 2538 utroque
1668 2448 1760 2517 Libri
1784 2449 1907 2541 Regum
1936 2451 2008 2518 loeo
2040 2458 2097 2519 set

403 2572 465 2654 ὄρη
485 2567 634 2653 Μήδαν,
656 2566 692 2635 in
713 2570 784 2683 HQ
805 2570 889 2683 *φ
908 2576 1079 2653 corrupte,
1102 2582 1140 2629 ae
1158 2562 1203 2629 sie
1227 2562 1365 2630 iertasse
1382 2563 1453 2649 jem
1471 2560 1556 2629 lecte
1579 2578 1654 2632 rent
1673 2590 1691 2632 a
1710 2565 1831 2655 glossae
1860 2580 2011 2645 auctore,
2036 2568 2093 2653 qui

402 2710 504 2829 κῃ
525 2709 598 2778 loco
617 2710 676 2776 ille
700 2708 937 2779 chronieorum
957 2704 1149 2797 adscripsit3
1174 2726 1256 2797 quae
1276 2727 1327 2772 res
1349 2703 1446 2772 simul
1465 2726 1558 2772 cansa
1581 2728 1648 2779 esse
1672 2710 1805 2801 potuit,
1830 2730 1930 2800 gnaro
1948 2709 1976 2776 is
1995 2731 2093 2777 mess·

405 2864 514 2923 tanae
534 2858 697 2946 regiense
716 2857 913 2922 mentionem
935 2850 1113 2920 necessarie
1134 2848 1313 2917 addendam
1335 2871 1404 2917 esse
1426 2850 1574 2941 opinatus
1591 2852 1643 2921 sit.

451 2972 502 3042 De
522 2971 575 3040 his
600 2976 642 3040 10
668 2973 825 3040 Tsibuum
846 2970 1017 3066 Exsulibns
1035 2980 1147 3062 postea
1165 2990 1239 3036 rare
1259 2988 1366 3037 sermo
1388 2966 1437 3036 lit.
1484 2966 1679 3069 serrarum,
1702 2971 1737 3038 in
1765 2992 1845 3065 quas
1868 2970 2010 3071 primum
2038 2974 2098 3041 ab·

400 3071 499 3161 ducti
519 3102 618 3173 sunt,
635 3090 825 3158 conditione
837 3140 846 3171 ,
860 3097 917 3159 rei
927 3093 1149 3180 pastoritiae
1166 3091 1377 3177 aptissime,
1397 3086 1615 3165 considerati,
1635 3088 1721 3156 haud
1742 3091 1838 3181 pauci
1853 3110 1929 3157 eum
1947 3093 2097 3185 gregibus

408 3214 506 3281 sitam
529 3210 655 3304 egerint
679 3206 904 3290 nomadicam,
938 3229 1034 3302 quam
1063 3204 1227 3298 hodieque
1253 3205 1351 3275 multi
1375 3228 1487 3276 eorum
1517 3208 1639 3300 posteri
1669 3221 1778 3277 ament
1789 3258 1800 3292 ‚
1824 3211 1982 3303 cujusque
2010 3214 2097 3284 ritae

407 3333 531 3402 indicia
557 3330 709 3398 triduum
735 3329 869 3397 divisio
896 3342 931 3397 et
947 3329 1214 3419 patn'eselrelr's
1237 3332 1421 3419 regiminis
1443 3327 1569 3416 foma
1597 3351 1683 3396 nunc
1707 3331 1786 3396 item
1816 3347 1956 3402 serrant.
2005 3333 2071 3402 dlii
2083 3383 2093 3414 ,

405 3453 440 3518 in
469 3448 611 3514 aretem
634 3447 841 3526 habitantes,
864 3457 1063 3512 mercaturae
1094 3445 1283 3534 praesertim
1314 3465 1446 3534 operam
1474 3443 1636 3514 dederint.
1691 3447 1739 3513 lle
1764 3447 1917 3514 Israelitis
1948 3472 1979 3518 r.
2000 3469 2031 3520 c.
2059 3449 2094 3519 iu

407 3567 491 3638 urbe
508 3567 658 3637 Nicives
676 3563 867 3656 degentibus
885 3563 985 3632 Liber
1003 3561 1123 3631 'l'obise
1144 3560 1311 3651 loquitur,
1335 3561 1448 3653 ibique
1472 3561 1628 3654 permulti
1648 3563 1703 3630 alii
1721 3563 1886 3635 lsradlitae
1906 3588 1982 3634 eum
1993 3565 2095 3637 tobis

402 3688 522 3755 morati
541 3707 609 3754 osse
638 3683 790 3752 dicentur
813 3681 856 3772 (1.
876 3681 951 3770 te).
996 3683 1044 3751 Es
1066 3680 1212 3750 Mediae
1232 3678 1389 3762 urbibus,
1408 3682 1444 3749 in
1466 3681 1582 3775 quibus
1599 3681 1700 3752 iidem
1721 3683 1954 3769 versabantur,
1978 3687 2096 3756 Ecde-

404 3815 491 3872 tasse
509 3803 557 3871 ibi
579 3814 777 3872 memoratur
796 3800 875 3889 (111.
896 3803 960 3888 7),
983 3813 1016 3868 et
1035 3800 1157 3894 Reges
1181 3800 1222 3889 (Ι.
1247 3804 1307 3882 ll,
1338 3801 1398 3869 tt.
1425 3805 1441 3870 1
1468 3815 1501 3872 et
1524 3803 1566 3872 V.
1591 3805 1648 3890 5),
1674 3807 1738 3896 qut
1758 3805 1793 3873 in
1823 3805 1905 3874 urbe
1923 3807 2092 3879 Medorum

404 3924 509 4015 lleges
528 3935 655 4013 tempus
677 3943 809 3988 remum
828 3919 1060 4008 transigebant.
1116 3919 1280 3989 Israelitae
1308 3942 1410 4008 ergo,
1433 3943 1493 4010 per
1516 3921 1657 3990 ldediam
1680 3946 1714 3991 se
1742 3939 1978 4016 propagantes,
2002 3942 2039 3997 ut
2059 3933 2093 4002 in

404 4043 478 4110 aliis
494 4042 589 4110 torris
609 4039 753 4120 Judaei,
772 4041 909 4128 majores
930 4038 1046 4119 nrbes,
1070 4040 1251 4108 mercaturi
1271 4039 1407 4106 maxime
1426 4041 1599 4122 florentes,
1621 4041 1753 4130 elegisse
1772 4041 1931 4113 ridentur.

452 4161 511 4230 His
529 4161 631 4244 locis,
656 4161 683 4228 si
703 4177 780 4228 rore
799 4158 883 4238 sint,
907 4179 988 4248 quae
1009 4157 1049 4224 de
1073 4158 1196 4226 tobiani
1221 4156 1315 4228 Libri
1333 4168 1437 4226 aetate
1458 4181 1495 4249 p.
1507 4163 1559 4249 ι22
1579 4161 1728 4251 conjeci,
1749 4160 1910 4231 Israeliten
1925 4171 2088 4253 proxime
2172 4197 2177 4204 ·

403 4291 486 4350 onte
510 4281 689 4353 chrestum
716 4280 831 4348 seculo
860 4278 1077 4368 superfuisse,
1101 4301 1139 4346 er
1160 4301 1198 4346 ee
1218 4279 1320 4348 Libro
1344 4278 1441 4345 otiam
1464 4291 1611 4372 apparet.
1666 4278 1770 4370 quue
1791 4280 1862 4346 aliis
1893 4281 1972 4348 item
2001 4284 2090 4351 testi·

404 4402 521 4472 moniis
539 4401 770 4480 confirmatur,
794 4398 853 4466 ubi
872 4397 914 4466 dc
934 4395 1047 4464 iisdem
1069 4405 1150 4486 pest
1171 4375 1350 4466 Christum
1370 4403 1488 4464 netum
1506 4393 1544 4464 lit
1569 4419 1686 4468 sermo.
1734 4397 1879 4470 Primum
1906 4402 1939 4466 in
1963 4399 2013 4468 his
2040 4401 2092 4469 le·

405 4542 478 4588 oum
496 4531 585 4588 tenet
602 4516 774 4586 destrues
784 4567 795 4602 ,
818 4520 898 4610 qui,
918 4528 955 4584 nt
967 4515 1088 4584 Tobiae
1104 4515 1372 4606 LibriScriptor‚
1392 4515 1513 4582 incolas
1529 4515 1710 4586 Adiabenen
1719 4518 1866 4606 fratres
1875 4517 2089 4587 dedecorum

391 4638 525 4705 ¹babere
545 4658 611 4706 nen
631 4634 774 4705 dubitat.
828 4636 867 4704 ln
886 4637 986 4704 Asse.
1005 4634 1065 4703 xt.
1091 4639 1125 4702 5.
1150 4636 1184 4703 2.
1208 4634 1323 4700 Essem
1350 4633 1473 4702 misisse
1498 4636 1666 4705 contendit
1684 4636 1866 4728 exemplum
1897 4639 2061 4729 Epistolae
2074 4689 2085 4723 ,

402 4775 503 4844 quam
521 4755 589 4822 lies
611 4756 781 4823 Persarum
800 4753 840 4821 ad
859 4755 964 4844 ipsum
990 4754 1188 4844 scripsisset,
1212 4755 1372 4843 cujusque
1396 4769 1620 4845 argumentum
1645 4776 1719 4823 eum
1748 4756 1882 4824 deducis
1908 4756 2089 4848 babyloniis

403 4873 690 4955 communicasset,
702 4873 754 4942 ed
766 4897 878 4942 omnes
893 4873 1017 4942 Gestis
1029 4875 1253 4942 israeliticae
1266 4876 1380 4940 sees'es
1398 4872 1586 4961 (ὁμοεθνεῖς)
1601 4921 1610 4954 ,
1636 4877 1675 4941 s‘ss
1692 4873 1820 4944 Media
1830 4876 2005 4968 degentes.
2040 4879 2087 4946 les

406 4989 540 5062 tudaeis
558 4989 654 5057 multi
670 5013 768 5082 perse
788 5015 862 5063 eum
882 5017 921 5063 ee
945 4994 1167 5084 llidrosolgma
1186 4995 1326 5084 proiecti
1353 5017 1420 5063 esse
1440 4991 1611 5074 dicuntur;
1637 5001 1677 5059 ut
1697 4998 1808 5060 omnis
1833 4995 2086 5064 Israettsarum

411 5112 526 5191 Gens,
547 5108 673 5190 nteit,
696 5114 736 5176 ἐπ
754 5116 821 5178 sud
833 5099 934 5210 torni
951 5117 1101 5195 messit,
1125 5134 1207 5203 quae
1227 5134 1321 5182 causa
1341 5123 1411 5182 eret
1431 5111 1491 5202 (sie
1506 5112 1645 5202 pergit),
1673 5123 1710 5179 ut
1731 5110 1813 5181 duae
1832 5126 1957 5183 tantum
1970 5111 2084 5181 Tribus

408 5229 528 5320 (dudae
555 5241 588 5304 st
609 5227 820 5321 Benjaminb)
842 5251 901 5322 por
927 5232 1036 5302 ssim
1063 5245 1098 5301 et
1117 5232 1280 5324 Europam
1308 5231 1422 5323 (ipsius
1443 5229 1561 5320 estate)
1592 5227 1824 5302 Romanorum
1852 5233 1985 5323 imperio
2008 5233 2085 5302 sub·

1367 5362 1371 5368 ·
1850 5343 1895 5418 d!
