5467 6500
1124 876 1390 949 ..ι-5....

419 1100 472 1148 rna
489 1074 637 1166 rigebat,
660 1068 754 1157 cujus
771 1066 821 1132 rei
840 1083 934 1130 causa
952 1060 1060 1129 minus
1075 1061 1227 1151 frequens
1247 1074 1315 1128 arat
1332 1082 1443 1127 aarum
1462 1081 1536 1127 cum
1561 1060 1717 1129 Gentibus
1737 1064 1991 1136 commercium
2023 1067 2097 1134 'l'ri-

419 1196 480 1260 bus
512 1188 649 1257 mediam
676 1197 709 1250 et
737 1179 977 1249 meridionalem
1006 1177 1218 1245 Palaestinam
1244 1188 1405 1255 tenentes,
1429 1189 1462 1242 et
1484 1190 1602 1245 tractus
1626 1178 1677 1245 'ibi
1704 1176 1884 1249 habitantes
1907 1194 2098 1262 montanos,

417 1314 516 1376 ritum
541 1303 676 1394 agebant
693 1300 793 1387 magis
807 1296 1006 1375 solitariam,
1030 1316 1127 1383 qnam
1157 1292 1314 1381 reliquae.
1360 1292 1525 1381 Peregrini
1551 1295 1652 1361 rarius
1679 1317 1730 1362 eas
1750 1296 1899 1377 adibant,
1924 1299 2099 1390 Gestisque

418 1422 623 1497 Sacrarium,
647 1415 694 1483 ibi
721 1416 754 1481 in
784 1413 858 1480 loco
879 1412 999 1478 tutiora
1021 1410 1185 1499 positum,
1208 1407 1273 1474 hae
1299 1406 1417 1473 Tribus
1446 1409 1480 1475 in
1511 1412 1566 1476 sud
1592 1411 1676 1476 terri
1705 1412 1882 1479 servabant.
1931 1414 1996 1481 Hic
2023 1438 2099 1505 ergo

420 1529 535 1610 Cultus
551 1534 684 1602 mosaici
705 1531 794 1598 sedes
813 1540 901 1607 arat,
919 1547 1059 1615 eumque
1084 1523 1178 1590 multi
1197 1523 1293 1589 etiam
1310 1544 1437 1612 semper
1462 1524 1691 1614 sequebantur.
1738 1527 1833 1595 Haud
1854 1532 1950 1617 pauci
1969 1543 2097 1611 tamen,

419 1656 602 1723 aGentinm
621 1648 813 1716 commercio
832 1666 897 1712 non
916 1642 1108 1724 itaseclusi‚
1129 1653 1163 1707 at
1181 1662 1198 1704 a
1217 1638 1347 1706 llaridis
1365 1639 1440 1707 inde
1453 1642 1590 1731 irnperio
1601 1642 1678 1710 huic
1697 1644 1812 1711 crebro
1827 1646 1984 1733 expositi,
2009 1646 2100 1713 Gen.

418 1777 566 1861 tinuoque
586 1787 677 1835 seusu
696 1764 742 1828 sic
759 1762 858 1849 magis
873 1760 1037 1849 magisque
1058 1756 1217 1870 paulatim
1236 1755 1379 1837 imbuti,
1404 1778 1477 1823 eum
1497 1757 1630 1827 Cultum
1646 1760 1713 1827 sire
1732 1780 1807 1827 cum
1833 1761 1985 1829 Gentirm
2006 1766 2102 1830 emi,

419 1886 680 1976 conjungebant,
703 1878 770 1946 sire
796 1875 997 1965 abnegabant
1021 1893 1175 1963 prorsus,
1200 1872 1333 1961 ejusque
1360 1872 1434 1939 loco
1457 1895 1558 1942 unum
1581 1875 1747 1943 idolorum
1769 1874 1901 1945 Gultum
1925 1879 2099 1969 amplecte·

419 2009 537 2074 bantur
560 1998 625 2087 (l).
669 1993 729 2062 liis
746 1992 912 2060 idolorum
928 1988 1129 2065 cultoribus,
1152 1989 1255 2077 iisque
1283 1990 1484 2076 syncretismi
1516 1992 1626 2059 amicis
1645 2004 1802 2082 perpetuu
1833 2016 1867 2060 se
1894 1996 2101 2083 opponebam

416 2125 487 2189 viri
499 2121 620 2210 quique
629 2109 899 2205 perspicaciores,
923 2105 956 2173 id
974 2116 1120 2195 agentes,
1145 2117 1182 2169 ut
1203 2103 1334 2172 Cultum
1344 2110 1521 2173 mosaicum
1540 2118 1731 2188 tuerentur,
1753 2130 1892 2197 eumque
1904 2156 1914 2187 ‚
1937 2113 1970 2175 ⁶1
1991 2112 2102 2201 primi,

372 2298 375 2303 .
417 2236 574 2305 institutis
591 2253 651 2320 pro
673 2239 854 2315 temporum
876 2224 1001 2289 ratione
1020 2218 1253 2299 reformandis,
1285 2222 1318 2287 et
1339 2222 1482 2309 antiquis
1497 2222 1620 2312 legibus
1640 2222 1824 2313 supplendis
1844 2237 1878 2291 et
1897 2226 2104 2294 ementiendi,

417 2375 493 2421 suae
513 2346 610 2417 aetati
629 2340 919 2409 accommodarent.
963 2337 1054 2404 idam
1076 2335 1249 2402 studebant
1276 2333 1468 2425 Prophetae⁴
1515 2337 1559 2404 Hi
1581 2352 1687 2405 tamen
1705 2348 1883 2407 aeternam
1904 2339 2018 2409 Gultus
2035 2344 2103 2411 lor.
2207 2360 2210 2365 ·

416 2490 503 2537 mern
526 2465 632 2532 minus
656 2457 831 2535 curabant,
857 2474 954 2544 quam
981 2452 1169 2541 religionem
1188 2456 1375 2519 intensam.
1421 2451 1608 2519 Perociores
1624 2452 1664 2520 de
1692 2454 1761 2523 ileo
1791 2457 1964 2549 Rebusque
1985 2459 2102 2529 divini,

418 2586 567 2653 notiones
590 2578 769 2669 pellentes,
802 2572 1089 2658 humanioremque
1121 2565 1299 2634 doctrinam
1324 2579 1358 2634 et
1387 2589 1460 2633 sero
1481 2567 1631 2634 sublimia
1653 2568 1772 2659 placita
1794 2572 1976 2655 tradentes,
2009 2598 2101 2643 men.

414 2716 484 2769 tem
508 2700 533 2764 ii
551 2694 663 2763 Gentis
682 2692 863 2765 illustrare,
881 2686 1008 2774 piisque
1024 2684 1168 2749 sensibus
1190 2682 1389 2759 excitandis,
1414 2682 1553 2748 animum
1574 2683 1744 2751 emendare
1766 2685 1949 2755 studebant.

464 2817 527 2883 Res
546 2831 654 2888 sacra,
673 2805 714 2871 ab
737 2805 817 2870 illis
834 2800 1040 2889 Sapientibus
1052 2798 1165 2863 sensim
1186 2795 1412 2862 sicemendata
1422 2843 1434 2874 ,
1458 2798 1553 2862 disce
1567 2796 1735 2887 Prophetis
1753 2804 1940 2889 praesertim
1960 2808 2101 2873 auctori·

416 2934 503 3000 busa
514 2924 663 3018 pluribus
681 2922 715 2986 in
735 2919 804 2984 dies
818 2916 1098 3005 Judseisprobata
1118 2926 1189 2992 est,
1214 2912 1425 3001 praecipuas
1447 2912 1556 2979 Josise
1580 2913 1655 2981 iude
1672 2928 1788 2985 aetate.
1835 2918 1960 2986 lleinde
1973 2918 2101 2988 deside·

417 3050 504 3117 rium
518 3043 639 3112 Cultus
660 3037 813 3113 mosaici,
847 3056 911 3122 quo
939 3034 972 3099 in
1001 3032 1120 3098 bruilio
1141 3028 1340 3116 babylonico
1369 3028 1540 3108 carebant,
1565 3030 1664 3117 ipsius
1689 3054 1830 3100 amorem
1862 3034 1906 3099 ita
1930 3037 2037 3113 aurit,
2062 3052 2100 3105 ur

416 3162 571 3257 permulti
588 3180 626 3225 ex
647 3151 832 3246 captivitate
850 3148 1020 3217 redeuntes
1029 3195 1040 3227 ,
1062 3146 1157 3214 missis
1176 3144 1385 3226 idololatrici,
1408 3142 1486 3211 huic
1506 3140 1617 3211 Gultui
1633 3147 1776 3217 studiose
1791 3148 1914 3218 sddicti
1931 3165 2047 3225 essent.

414 3385 684 3411 μ

416 3535 499 3600 nibus
512 3531 668 3611 supplerent
685 3535 713 3590 at
731 3525 922 3607 emendarent,
942 3522 1096 3584 necesitate
1122 3522 1206 3583 coacti
1230 3519 1404 3583 induxamnt.
1444 3517 1483 3580 Et
1505 3517 1558 3580 hoc
1575 3539 1686 3602 prorsus
1711 3525 1837 3604 convenit
1864 3533 1976 3587 naturae
1995 3504 2099 3609 ingenii

414 3633 541 3706 humani,
558 3630 632 3712 quod
648 3635 680 3689 ut
702 3630 731 3688 in
752 3625 810 3688 aliis
830 3628 924 3699 rebus,
945 3626 983 3684 ita
1003 3625 1033 3684 in
1052 3624 1136 3683 sacris
1152 3625 1252 3695 etiam,
1273 3621 1367 3683 lormis
1382 3621 1498 3682 externis
1519 3639 1624 3700 semper
1638 3621 1782 3684 stabilibus
1798 3632 1956 3689 mutentum
1974 3647 2029 3690 esse
2046 3647 2097 3690 na·

414 3737 484 3817 quit.
526 3729 605 3792 vind
622 3749 692 3810 quas
705 3731 737 3788 st
752 3725 787 3787 de
804 3725 957 3787 remonuit
973 3723 1007 3782 G.
1024 3743 1079 3783 vos
1096 3723 1246 3784 Lmsmn
1262 3723 1385 3782 Keadas
1406 3721 1451 3794 1.,
1472 3741 1499 3799 p.
1515 3719 1574 3780 452
1592 3741 1667 3802 seqq.
1684 3730 1712 3782 at
1728 3726 1837 3802 passim.

454 3833 552 3894 Cultus
565 3830 610 3890 ille
626 3851 643 3889 s
659 3827 892 3908 liusassconditum
912 3821 1093 3904 quomodoin
1113 3821 1263 3883 Palaestini
1281 3840 1346 3880 cum
1359 3819 1570 3882 Cunasnitsrum
1590 3822 1672 3882 sacris
1688 3826 1866 3903 conjunctus,
1891 3833 1918 3888 st
1930 3847 2013 3908 quarn
2040 3831 2098 3890 mi·

415 3953 477 3994 sara
504 3932 534 3992 in
553 3930 689 4009 plerisque
710 3930 768 4005 ejus
792 3925 909 4007 regionis
931 3921 1060 3982 tractibus
1079 3928 1225 3999 corruptus
1241 3921 1338 3992 luerit,
1366 3939 1399 3980 ar
1416 3917 1509 3980 Libris
1524 3921 1648 3982 novimus
1668 3923 1802 3985 historicis
1829 3927 1864 3987 V.
1882 3927 1932 4000 1.,
1953 3948 1986 3989 ex
2003 3928 2097 3990 Libris

414 4032 574 4114 pracsertim
594 4027 742 4101 Judicum,
759 4025 901 4087 'Samuelis
921 4029 948 4082 et
968 4021 1090 4100 Regum.
1141 4018 1240 4096 (tastis
1264 4023 1357 4080 anum
1382 4017 1510 4096 singulis,
1537 4018 1636 4098 quibus
1661 4028 1784 4082 setarum
1805 4023 1994 4085 liebrseorum
2022 4045 2094 4106 resp.

414 4136 572 4211 supererat,
593 4127 760 4206 temporibus
774 4125 871 4184 Cultus
885 4121 967 4201 hujus
985 4119 1104 4181 conditio
1121 4119 1221 4191 luerit,
1241 4119 1298 4179 sire
1316 4117 1398 4177 etiam
1417 4117 1483 4198 quid
1497 4119 1619 4188 Samniti,
1639 4119 1756 4182 Derides
1772 4129 1800 4181 et
1813 4121 1922 4182 Salomo
1941 4123 1971 4183 in
1994 4143 2025 4182 eo
2045 4144 2095 4185 en·

413 4230 526 4294 colendo
543 4236 570 4288 et
585 4227 758 4288 exhilarando
771 4225 893 4304 agerint,
913 4221 980 4303 quid
993 4221 1118 4299 deinceps
1128 4219 1279 4298 Prophetae
1294 4217 1408 4278 iecerint
1422 4217 1457 4278 ad
1474 4237 1571 4280 novam
1588 4219 1732 4298 periodum
1747 4221 1974 4301 praeparandam,
1996 4222 2095 4302 quidve

414 4331 601 4392 Hebraeorum
624 4348 689 4388 cum
710 4327 805 4387 ricinis
823 4331 850 4385 st
868 4322 1062 4384 remotioribus
1088 4320 1226 4381 Gentibus
1250 4317 1464 4388 commercium,
1486 4337 1518 4376 ac
1537 4318 1702 4397 principatus
1724 4321 1915 4398 Assyriomm,
1945 4321 2095 4384 Chaldaeo·

414 4451 501 4502 rum,
520 4430 686 4498 Persarum,
709 4427 913 4506 multorumque
926 4422 1115 4484 llebrasorum
1127 4419 1251 4480 exsilium
1271 4416 1408 4477 affecerint
1422 4415 1456 4476 ad
1477 4416 1599 4477 notiones
1616 4416 1652 4478 da
1667 4418 1761 4480 Rebus
1774 4419 1872 4482 diuinis
1891 4422 2021 4500 paulatim
2032 4425 2093 4502 jum

415 4530 581 4602 enucleatas,
607 4527 693 4606 magis
712 4529 793 4588 etiam
816 4526 955 4607 magisque
978 4520 1163 4602 explicandas,
1190 4551 1233 4567 -
1250 4518 1317 4578 haee
1338 4517 1467 4596 indagare
1485 4517 1567 4595 hujus
1578 4515 1631 4578 loci
1651 4536 1707 4580 non
1726 4525 1780 4584 ast.
1804 4519 1903 4592 Multa,
1935 4542 2005 4601 quse
2022 4523 2093 4584 hene

413 4631 598 4710 quaestionem
620 4624 818 4708 quodammodo
837 4627 897 4704 jam
917 4624 1070 4695 illustrant,
1096 4627 1158 4679 tum
1182 4617 1228 4677 alii
1248 4617 1278 4677 in
1298 4616 1419 4677 madium
1443 4607 1635 4691 contulerunt,
1654 4625 1714 4678 turn
1735 4619 1815 4681 etiam
1837 4619 1871 4680 Ε.
1893 4619 2042 4683 erssnsu
2061 4624 2092 4684 in

411 4730 514 4791 Libro:
534 4749 588 4787 sur
606 4727 770 4788 emtione
787 4725 838 4784 der
855 4724 1005 4785 [saeuas
1016 4723 1087 4781 mi
1100 4717 1339 4796 Ablasdlsssges,
1362 4717 1439 4778 cett.
1458 4717 1552 4789 18t2,
1575 4715 1623 4777 ubi
1640 4717 1799 4798 inspicialuu·
1814 4721 1948 4800 postamor
1964 4721 2091 4783 disserta·

412 4827 466 4897 tio,
482 4827 526 4886 cui
538 4827 633 4888 titulus
646 4834 701 4887 ast:
723 4826 770 4885 die
785 4825 945 4885 neeesse
958 4821 1129 4884 Putarem
1148 4821 1202 4880 seit
1214 4819 1267 4877 ses
1285 4815 1399 4877 alueus
1416 4817 1519 4876 Zeiteu
1537 4815 1581 4874 ls's
1598 4817 1655 4892 aus
1666 4817 1899 4897 stalereersng
1916 4819 2090 4881 Jerusalem

411 4924 502 4988 emt
519 4924 564 4982 dis
582 4927 703 4999 Itb'srer,
722 4925 788 4987 ibid.
805 4946 832 5005 p.
846 4925 902 4988 117
916 4927 1014 5006 seqq).
1053 4923 1166 4984 Somnia
1178 4919 1329 4981 omittimus
1346 4917 1382 4977 G.
1396 4915 1429 4977 lt.
1448 4915 1583 4977 Dauum
1600 4915 1676 4989 tue
1688 4915 1799 4977 Fener-
1811 4919 1873 4978 oss
1883 4918 2091 4980 Muloclds'esst

412 5027 465 5087 der
482 5021 556 5082 aues
576 5022 720 5098 nurus,
739 5025 914 5087 Braunschsr.
934 5025 1042 5098 tete),
1064 5010 1163 5084 marito
1185 5020 1273 5080 damas
1288 5017 1408 5078 ahiem
1419 5016 1449 5076 in
1462 5017 1545 5076 suat.
1555 5013 1682 5079 mKrit.
1703 5014 1791 5078 1843.
1811 5015 1917 5088 tusus
1937 5025 1996 5080 tum
2007 5019 2088 5080 etlam

410 5123 498 5188 natu
517 5127 619 5182 tamara
633 5119 706 5180 dieta
721 5142 739 5180 a
754 5123 789 5183 l'.
805 5125 849 5184 W.
867 5125 1014 5186 Garnasx
1031 5123 1062 5185 in
1078 5121 1179 5184 Libro:
1200 5119 1247 5181 slis
1264 5115 1499 5198 sextense
1515 5115 1566 5177 der
1584 5111 1661 5178 ultas
1676 5113 1830 5196 notrae,
1850 5115 1960 5181 liurnb.
1977 5113 2068 5182 1812.

454 5224 500 5307 (l)
519 5220 668 5286 sumto
686 5219 736 5284 ll.
754 5221 944 5304 p293seq.‚
964 5224 1025 5286 302
1040 5243 1117 5306 sqq,
