5467 6500
1338 829 1631 907 ...⁶2-

643 1025 690 1097 sio
706 1026 744 1093 in
762 1022 817 1093 lris
830 1024 1030 1095 ”moritania
1048 1022 1249 1118 poimatibus
1265 1021 1392 1091 nullom
1408 1034 1469 1093 ert.
1492 1022 1595 1113 Saspa
1609 1018 1665 1089 bio
1685 1030 1848 1112 praeterea
1868 1020 2009 1091 occurrit
2021 1018 2301 1121 llouxoiatoleutoo
2316 1074 2326 1107 ,

644 1156 679 1213 at
695 1142 867 1233 aliquoties
875 1140 965 1211 llrdo
977 1142 1196 1235 alphabeticus
1207 1191 1218 1222 ,
1229 1155 1329 1231 atque
1342 1139 1398 1206 bic
1418 1162 1483 1207 aon
1495 1140 1592 1207 modo
1604 1140 1637 1207 in
1649 1160 1808 1207 verauera
1819 1188 1830 1220 ,
1843 1139 1897 1207 rad
1909 1139 2044 1209 rubindo
2060 1142 2159 1211 attam
2177 1144 2210 1210 in
2222 1142 2330 1211 dieti·

646 1264 805 1341 choram,
829 1274 886 1329 aut
908 1264 1176 1340 triatieham,
1201 1259 1322 1349 quibus
1349 1279 1457 1325 versus
1488 1256 1652 1325 laterclum
1674 1269 1844 1338 consuat,
1865 1259 1971 1327 initio.
2019 1258 2055 1325 ln
2076 1258 2197 1329 Ordine
2224 1274 2330 1331 tamen

644 1380 746 1447 hocca
766 1378 973 1468 alphabetico
995 1381 1028 1446 ia
1055 1381 1075 1446 ὅ
1094 1376 1257 1468 prioribus
1283 1373 1512 1454 carminibus,
1541 1396 1559 1441 a
1589 1374 1735 1442 Grtxuto
1757 1372 1874 1456 oditir,
1894 1376 2023 1445 Literae
2039 1381 2265 1466 gutturaler,
2287 1392 2327 1449 ut

645 1497 827 1585 saepissime
838 1497 925 1564 ¹itant
942 1496 977 1563 in
995 1496 1106 1563 maltis
1125 1496 1257 1562 vocibus
1278 1494 1476 1561 samaritanis
1490 1494 1577 1572 ,ania
1595 1492 1675 1560 locis
1692 1495 1829 1562 invicem
1841 1507 2065 1584 pertractantur
2078 1496 2142 1581 (1).
2177 1496 2329 1565 (letarum

644 1613 833 1683 carminum
853 1616 978 1702 som
1001 1622 1151 1681 eatam
1173 1611 1314 1681 Psalmos
1342 1612 1384 1681 V.
1405 1612 1444 1681 T.
1468 1613 1617 1679 universe
1643 1611 1765 1693 reteri,
1789 1612 1906 1703 quibus
1934 1624 2062 1693 tamon,
2095 1616 2129 1683 it
2154 1614 2328 1681 virtutibus

643 1732 782 1822 poilicia
792 1780 803 1813 ,
826 1733 861 1799 et
879 1730 1023 1801 sensibus
1042 1729 1201 1821 reliplorir
1211 1778 1222 1811 ,
1255 1730 1311 1797 illa
1330 1731 1427 1821 longe
1449 1743 1523 1799 sunt
1542 1732 1709 1799 interiora
1755 1730 1881 1799 lloruna
1901 1746 2008 1801 autem
2026 1731 2331 1801 carminum-sama·

643 1852 821 1917 titanorum
841 1850 1017 1939 specimina
1032 1870 1098 1916 non
1118 1860 1243 1915 tautum
1261 1858 1387 1915 exstant
1404 1849 1438 1914 in
1455 1846 1653 1929 (lodicibus,
1677 1848 1795 1938 quibus
1811 1848 2030 1928 carrarias,
2049 1862 2082 1915 ct
2100 1850 2265 1918 currus
2282 1850 2347 1915 usi.

643 1978 739 2045 runt,
758 1966 814 2035 sed
831 1968 930 2035 etiam
950 1967 1072 2054 llpnrai
1091 1964 1249 2056 ejusmodi
1268 1968 1405 2055 integri
1416 2014 1428 2045 ,
1451 1966 1567 2055 amplis
1586 1968 1609 2031 ii
1631 1966 1804 2033 verborum
1826 1964 2036 2056 ambagibus,
2057 1987 2096 2034 ao
2115 1964 2191 2033 etilo
2206 1965 2330 2035 fervido

490 2158 496 2165 ,
642 2097 677 2155 et
698 2084 824 2155 tumido
844 2086 1043 2175 conscripti,
1066 2099 1102 2153 st
1119 2082 1278 2174 ejusmodi
1288 2082 1492 2171 llymuorunr
1503 2083 1737 2172 fragmenta,
1761 2084 1863 2151 Libro
1880 2085 2000 2153 toruae
2017 2086 2135 2151 inrerta
2154 2094 2249 2161 aaut,
2272 2084 2330 2149 ubi

642 2201 862 2290 aymonem
881 2204 961 2271 item
970 2203 1176 2288 sarciculaa
1200 2204 1286 2291 (cap.
1307 2201 1444 2288 xcvii)
1466 2214 1684 2282 memoratur,
1708 2202 1766 2291 qni
1787 2222 1851 2269 una
1873 2222 1948 2269 cnm
1968 2202 2040 2269 aliis
2051 2200 2158 2269 Libris
2176 2200 2331 2271 lladriroi

643 2332 749 2391 aetate
768 2323 902 2411 periisse
922 2321 1058 2391 dicitur.
1102 2319 1208 2389 llodie
1224 2326 1303 2387 item
1320 2324 1416 2385 inter
1436 2319 1686 2391 Samaritam
1711 2320 1847 2389 Codices
1869 2319 2020 2387 ridentur
2039 2340 2222 2407 superesse,
2248 2319 2332 2387 Pen-

643 2438 853 2520 tateuohanr,
878 2438 1153 2518 Commentarior,
1177 2438 1385 2528 llprnnosqne
1415 2436 1611 2508 exhibentes.
1658 2439 1695 2507 ld
1717 2459 1833 2529 nempe
1861 2438 2003 2506 efficeres
2023 2460 2061 2505 er
2082 2440 2142 2517 iis,
2167 2458 2249 2527 quae
2268 2436 2330 2505 Sa·

641 2556 755 2625 cordos
774 2558 983 2626 umaritannr
993 2558 1188 2625 Roorttooto
1211 2577 1296 2622 anno
1320 2558 1406 2622 1838
1429 2555 1531 2639 dixit,
1553 2558 1648 2624 etiam
1671 2556 1697 2623 ai
1718 2555 1757 2622 iis
1775 2554 1872 2621 dictio
1893 2554 1993 2621 multa
2011 2553 2232 2623 detrahantur.
2279 2554 2329 2621 Ile

642 2677 764 2741 multia
785 2675 812 2741 is
834 2674 874 2742 ad
893 2675 1117 2743 hortatorio!
1135 2674 1264 2740 locutus
1275 2686 1345 2752 est,
1365 2674 1735 2763 Precamsascicrtlir,
1759 2672 2027 2743 Commentariis
2043 2682 2129 2751 oet„
2151 2682 2184 2739 et
2202 2672 2244 2737 da
2261 2677 2330 2741 ,(00

641 2798 791 2861 circiter
806 2792 953 2881 (hagie,
970 2803 1008 2858 ut
1030 2791 1172 2876 ridetur)
1189 2790 1402 2871 codicibus,
1425 2796 1506 2881 qui,
1531 2793 1693 2861 matam
1714 2806 1747 2861 et
1770 2792 1908 2861 Literir
1930 2794 2167 2859 mmritaaia
2186 2792 2330 2859 conarri·

641 2887 717 3000 pti,
739 2922 819 2977 tunc
847 2907 934 2999 apud
957 2906 1171 2974 samaritanos
1195 2906 1337 2974 Sichami
1356 2922 1559 2975 servarentur
1583 2908 1710 2997 (1)(2).

648 3089 653 3103 .
687 3026 846 3096 Annales
868 3024 1033 3113 denique,
1057 3044 1075 3090 a
1100 3022 1309 3092 samaritanis
1338 3028 1534 3117 conscripti,
1559 3027 1614 3092 hio
1639 3024 1837 3095 memorandi
1859 3037 1953 3104 sant,
1979 3046 2117 3115 quorum
2146 3024 2211 3094 duo
2237 3026 2329 3095 Libri

644 3145 709 3213 buc
728 3166 831 3235 nsque
852 3143 1087 3221 innotuerunt,
1111 3142 1242 3209 arabice
1261 3144 1459 3236 oonacripti3
1484 3144 1566 3213 ulter
1579 3144 1840 3212 tiaerruuaaa
1851 3190 1860 3223 ,
1873 3145 1941 3209 aire
1952 3141 2086 3209 Josuae
2105 3158 2329 3233 nuncupatus,

643 3267 736 3354 cujus
746 3261 1135 3352 aounussafragmertta,
1153 3274 1188 3332 et
1203 3266 1365 3330 unicerei
1375 3269 1578 3356 argumenti
1589 3267 1764 3355 expetitio
1786 3261 1871 3352 typia
1893 3259 1980 3328 edita
1996 3275 2071 3328 rant
2084 3261 2133 3348 (3)
2149 3282 2159 3339 ;
2181 3262 2262 3329 alter
2283 3278 2330 3332 est

644 3384 856 3461 Chronicon,
879 3380 1063 3448 absolutam
1090 3401 1175 3446 anno
1197 3380 1318 3470 lligrae
1337 3385 1405 3448 756
1433 3384 1520 3471 (post
1540 3379 1580 3450 (l.
1614 3378 1793 3464 n.1355),
1818 3379 1960 3446 Auctore
1979 3378 2210 3456 dbsa’ldatho.
2257 3381 2329 3454 lluo

643 3503 743 3592 hujus
760 3513 838 3570 sunt
855 3498 1021 3589 exempla,
1034 3503 1264 3588 parisianae,
1281 3499 1335 3564 sod
1358 3520 1422 3566 non
1448 3500 1631 3588 integrunt,
1655 3511 1688 3566 et
1705 3497 1941 3586 hodlq‘aaara,
1967 3496 2046 3564 olim
2079 3497 2329 3570 llutrtuoroxt.

643 3622 749 3708 Hujus
776 3625 949 3707 excerpta
977 3617 1113 3693 terrra,
1137 3615 1194 3681 sed
1221 3617 1354 3696 tennis,
1386 3615 1509 3704 primur
1533 3617 1656 3704 pararit
1680 3617 1744 3684 Etr.
1769 3616 1975 3684 Bruttianus
1993 3617 2057 3704 (t).
2112 3616 2332 3706 Fragmenta

643 3736 825 3815 nonnulla,
855 3753 960 3822 eaque
978 3731 1122 3802 arabice
1143 3743 1253 3820 postea
1273 3731 1398 3820 publici
1416 3734 1501 3820 juris
1524 3732 1693 3812 lecerunt,
1713 3747 1783 3798 tunt
1809 3731 2061 3800 Sontunnxuus
2086 3754 2123 3798 ex
2143 3755 2201 3799 suo
2224 3735 2329 3814 θοὰ,

645 3857 704 3945 qui
725 3853 961 3943 ex-bodleJ‘ano
982 3851 1118 3920 hamat
1139 3847 1190 3937 (ὅ)
1202 3900 1213 3934 ,
1235 3847 1344 3921 additi
1368 3849 1520 3918 Versiona
1542 3849 1725 3942 germanici
1747 3851 1821 3938 (6);
1847 3863 1917 3916 tum
1939 3869 1984 3918 ox
2007 3850 2163 3933 Sacros,
2187 3856 2220 3920 tt
2247 3855 2325 3931 illo,

644 4025 881 4046 *-

687 4126 731 4203 (1)
753 4123 832 4185 Falso
857 4125 931 4185 enim
954 4119 1053 4184 ludaei
1074 4119 1233 4202 perbibent,
1254 4121 1437 4184 samaritanos
1456 4123 1541 4184 literis
1563 4125 1628 4198 Ile,
1653 4123 1741 4185 otrrt
1763 4129 1790 4184 et
1807 4121 1871 4184 Aba
1889 4141 1990 4184 carere.
2040 4121 2086 4182 Sic
2102 4138 2129 4180 vt
2146 4141 2171 4182 c.
2192 4119 2331 4184 breslau

649 4229 734 4302 Tun,
752 4246 797 4289 eos
812 4225 906 4286 adiens
920 4241 997 4286 anno
1015 4221 1112 4293 1173,
1132 4223 1163 4283 in
1180 4221 1341 4283 Itiaerario
1354 4222 1396 4285 etl.
1411 4221 1481 4285 laud.
1502 4245 1530 4305 p.
1542 4223 1600 4299 3⁹,
1620 4223 1778 4298 somaimit,
1799 4223 1865 4287 baec
1880 4222 1994 4297 addara,
2009 4219 2117 4282 amdam
2136 4219 2238 4303 baert
2248 4223 2330 4284 Moris

647 4345 793 4408 agnoscam
803 4368 812 4395 ,
832 4325 924 4384 triduo
942 4327 983 4384 iir
999 4322 1096 4384 literis
1108 4323 1237 4404 eatuptt'r.

689 4426 733 4502 (2)
755 4424 897 4496 Ronrasor
918 4421 1076 4482 patrata
1093 4421 1155 4495 ΙΙΙ,
1173 4443 1202 4502 p.
1221 4420 1319 4482 32501
1335 4419 1403 4479 327.
2043 4489 2047 4496 Ι

691 4524 734 4598 (3)
753 4525 903 4603 Bpttms
922 4522 1005 4582 totim
1020 4523 1116 4601 Operis
1136 4519 1257 4581 exhibuit
1271 4519 1308 4594 J..
1316 4520 1351 4580 11.
1369 4519 1530 4580 llorrxraxa
1545 4517 1574 4578 in
1588 4514 1662 4580 ealce
1678 4515 1821 4579 Brrreitt
1840 4509 2030 4575 Antimorica.
2052 4511 2111 4594 tir.
2129 4513 2217 4578 loth
2258 4511 2330 4575 l'ra·

649 4619 848 4708 guentabaud
865 4631 966 4700 panea,
986 4619 1032 4682 sed
1049 4619 1156 4682 sordide
1173 4619 1260 4696 adita,
1282 4625 1309 4678 et
1326 4617 1409 4680 latine
1429 4637 1524 4692 versa,
1545 4617 1617 4696 idern
1634 4613 1746 4696 Scriptb
1763 4613 1820 4674 suis
1846 4613 1975 4683 inseruit,
1996 4613 2026 4674 in
2049 4615 2144 4692 primis
2163 4616 2264 4688 Libro,
2285 4617 2330 4676 cui

650 4725 746 4785 titulus
761 4728 817 4784 est:
830 4719 957 4803 Sarepta
976 4719 1135 4791 Orientale,
1156 4717 1279 4780 llaidelb.
1300 4717 1386 4780 1618.
1427 4717 1565 4780 Nonnulla
1583 4717 1750 4798 fragmenta,
1770 4713 1869 4794 partim
1888 4711 1994 4774 arabica
2010 4710 2073 4773 curu
2093 4711 2174 4775 latini
2192 4717 2329 4787 torsione,

650 4826 752 4907 partina
767 4821 849 4901 latiae
867 4829 975 4884 butum
994 4842 1085 4894 versa,
1104 4821 1140 4882 ll.
1159 4819 1303 4883 Rauca
1321 4815 1443 4882 inllirr.
1464 4819 1553 4880 Mirr.
1594 4816 1712 4878 utram
1727 4815 1866 4898 integrum
1880 4833 1915 4876 ox
1931 4810 2013 4874 unico
2030 4811 2098 4875 cod,
2114 4812 2247 4891 leydcnri,
2263 4815 2329 4878 olim

652 4923 680 4988 J.
697 4923 909 4994 l.Scrxraxa1,
929 4922 1005 4985 breti
1021 4924 1078 5005 ipso
1094 4921 1217 4983 ethtnrnr
1233 4939 1306 4981 sunt.

695 5025 739 5106 (4)
759 5022 840 5085 Edita
857 5024 886 5084 in
907 5023 973 5083 Aa.
990 5021 1086 5107 End.
1103 5021 1187 5103 lips.
1205 5019 1271 5080 anui
1291 5015 1379 5078 1691.
1399 5033 1429 5094 p.
1444 5012 1506 5074 *167
1520 5029 1596 5094 seqq.

694 5125 739 5201 (5)
760 5121 822 5183 Vld.
842 5119 938 5184 (intr.
956 5120 1089 5180 Arecdot.
1112 5117 1241 5190 orient,
1259 5137 1288 5197 p.
1307 5113 1345 5175 13
1365 5111 1459 5184 nobs.

696 5223 740 5305 (6)
761 5213 869 5288 troiae
886 5219 983 5288 raa
997 5218 1114 5306 repert.
1134 5215 1208 5286 tara
1219 5217 1249 5296 1,
1266 5240 1293 5302 p.
1314 5213 1373 5278 117
1384 5232 1472 5300 seqq„
1487 5217 1514 5275 at
1530 5207 1638 5275 trau
1652 5204 1882 5280 Maaaralilria,
1901 5201 1978 5268 l’art.
1992 5201 2038 5268 ll}
2054 5203 2138 5286 pil
2151 5221 2228 5281 araca
