5467 6500
1112 833 1427 916 *113*-

426 1040 526 1110 litote
534 1035 633 1105 misit.
654 1031 740 1100 llaec
751 1043 872 1111 sutem,
889 1027 967 1122 quis
975 1031 1171 1121 permultos,
1184 1051 1222 1096 sc
1231 1029 1373 1098 Judseos
1386 1031 1534 1107 merione.
1548 1042 1581 1100 et
1597 1029 1828 1118 Srinrritunos,
1840 1031 1898 1122 qui
1907 1032 2101 1100 Presserunt

429 1157 575 1228 Moribus
585 1173 622 1218 sc
633 1149 794 1239 Religioni
804 1153 960 1216 messione
970 1147 1092 1214 addicti
1101 1159 1191 1213 erent
1201 1195 1209 1225 ,
1220 1147 1360 1235 grrrites
1372 1146 1574 1215 offendebsnt
1586 1197 1595 1228 ,
1609 1150 1694 1229 iles,
1706 1151 1985 1240 carniumquippe
1995 1149 2102 1214 ‚beus-

430 1272 600 1340 volentium
616 1279 754 1344 sectans,
777 1265 849 1340 eliis
867 1268 965 1354 ipsos
982 1261 1147 1328 benefieiis
1160 1262 1222 1327 sibi
1232 1263 1382 1351 benignos
1402 1262 1537 1329 reddere
1552 1262 1740 1334 conabatur.
1770 1263 1985 1332 ludaeorum
1996 1265 2102 1334 ¹seriis

429 1385 593 1458 desideriis
609 1380 779 1450 succurrit.
810 1381 936 1444 Vestitu
950 1375 1128 1467 pontificali
1144 1375 1176 1440 iu
1190 1376 1272 1442 Aroe
1284 1378 1424 1443 Antonii
1434 1377 1610 1467 prudenter
1621 1376 1763 1464 depositi
1776 1381 1787 1454 l
1794 1379 1825 1465 ¹l
1841 1373 1851 1456 ',
1873 1380 1942 1446 Res
1954 1391 2100 1457 creetur,

427 1496 657 1569 socerdotalem
670 1493 859 1584 dignitatem
875 1492 946 1556 eliis
956 1489 1128 1579 gerendum
1149 1491 1309 1558 commisit
1318 1540 1329 1571 ,
1354 1491 1495 1580 primum
1507 1493 1666 1559 Anonelo
1692 1495 1742 1576 (2)
1757 1517 1765 1574 ;
1794 1515 1888 1583 quem
1906 1542 1914 1569 ,
1934 1515 2033 1580 quum
2053 1493 2102 1556 si·

428 1617 526 1683 disset
534 1609 827 1704 popnloingrstum
846 1629 934 1685 esse,
960 1607 1060 1672 morit
1072 1594 1378 1683 ,etArietoustum
1392 1657 1402 1686 ,
1415 1627 1518 1695 eoque
1537 1607 1728 1686 interiecto,
1754 1608 1832 1675 elios
1852 1607 1921 1694 ejus
1935 1604 2006 1672 loeo
2025 1604 2102 1671 sub·

427 1733 546 1801 stituit.
591 1725 717 1818 Agebst
735 1745 850 1810 nempe
868 1722 977 1810 prouti
996 1723 1136 1788 rationes
1148 1721 1306 1810 ‘politices
1326 1720 1509 1792 suadebunt.
1523 1721 1572 1809 (3)
1586 1755 1604 1800 ,·
1618 1732 1651 1786 st
1674 1721 1802 1788 licentii
1823 1733 1929 1788 temen
1950 1719 2102 1786 utebatur

426 1849 513 1917 houd
534 1844 678 1933 inauditi
699 1839 762 1927 (l).
809 1837 935 1924 lusigue
955 1836 1072 1906 deiude
1098 1837 1309 1918 beneficium,
1331 1861 1400 1926 quo
1423 1835 1592 1927 publicum
1617 1836 1818 1910 Judesorum
1845 1836 1977 1905 Cultum
2007 1859 2103 1904 orus-

423 1969 493 2044 rit,
526 1959 696 2048 Templum
723 1956 786 2021 iuit
807 1951 1141 2040 hierosolymitanum,
1174 1973 1212 2017 ao
1239 1953 1325 2018 lautu
1355 1954 1512 2019 sacrificis
1535 1956 1569 2019 iu
1593 1953 1656 2019 hoe
1685 1953 1801 2031 delete.
1845 1952 1974 2020 Sortem
2003 1975 2101 2042 porro

424 2080 640 2155 dedecorum,
663 2073 792 2142 inullis
813 2069 918 2138 Terris
941 2068 1143 2156 degentium,
1166 2068 1387 2156 portuensem
1409 2081 1443 2136 et
1463 2070 1685 2136 auctoritatem
1700 2117 1711 2148 ,
1724 2091 1726 2096 ’
1741 2070 1806 2158 qui
1833 2070 1918 2159 opud
1942 2071 2102 2136 Romanos

423 2199 492 2288 ipse
508 2194 694 2272 fruebatur,
711 2189 878 2256 meliorem
898 2183 1060 2262 reddidit,
1083 2205 1261 2272 eorumque
1273 2185 1349 2272 jure
1370 2186 1470 2252 tuitus
1487 2197 1534 2253 est
1556 2188 1605 2272 (ὅ)
1620 2210 1630 2268 ;
1643 2184 1771 2275 ‚quihus
1793 2182 1856 2252 hoe
1880 2186 2021 2274 denique
2040 2209 2102 2254 sn-

420 2309 653 2382 numersndum
671 2318 741 2387 est,
763 2301 852 2393 quod
870 2301 984 2368 urbem
1000 2301 1034 2366 in
1055 2297 1285 2366 Trachonitide
1304 2298 1472 2377 condidit,
1498 2322 1562 2366 uou
1586 2303 1682 2369 modo
1705 2313 1742 2368 ut
1762 2300 1965 2370 Treehouum
1999 2302 2104 2382 lstro·

389 2474 394 2485 ·
421 2431 506 2498 einis
526 2397 703 2501 cohiberet,
716 2420 773 2488 sed
796 2420 893 2487 etism
906 2430 942 2484 ut
958 2418 1183 2502 Judseorum,
1202 2438 1241 2484 ex
1261 2416 1442 2505 Babylonii
1454 2416 1677 2506 Hierosolymo
1698 2420 1986 2510 peregrinantium,
2008 2443 2104 2489 secu.

419 2547 509 2614 rituti
524 2541 702 2612 consuleret
723 2536 784 2624 (6).

431 2719 436 2730 ,
464 2661 553 2730 llsee
575 2659 609 2736 iu
632 2657 822 2723 Gentilium
844 2663 878 2718 et
894 2647 1108 2718 ledaeos-nm
1124 2647 1262 2738 grrtism
1286 2671 1403 2738 egeus,
1439 2645 1689 2718 Samaritanus
1709 2654 1805 2721 etism
1824 2701 1834 2732 ,
1850 2653 2001 2740 *Uoltum
2028 2673 2098 2719 mo·

423 2786 557 2844 careum
585 2784 774 2862 requenter,
805 2767 948 2836 Heroden
971 2789 1035 2834 uon
1063 2788 1191 2856 prorsus
1216 2766 1390 2854 neglexisse
1417 2766 1556 2834 ridetur.
1603 2768 1772 2860 Templum
1802 2782 1908 2838 tumen
1934 2772 1968 2839 iu
1991 2773 2102 2840 Monte

422 2892 640 2984 gerieimitsuo
654 2911 719 2954 nou
736 2887 920 2952 restitutum
932 2895 980 2950 est
993 2883 1106 2969 ‚cujus
1123 2881 1315 2949 restituendi
1324 2881 1453 2970 senium
1470 2881 1566 2950 iidem
1586 2882 1718 2951 fortasse
1728 2935 1738 2966 ‚
1757 2888 1887 2954 irritum
1908 2909 2024 2978 nempe
2037 2886 2100 2956 hoe

422 3011 492 3076 iste
513 3009 684 3098 opinantes
698 3046 714 3083 ,1
732 3025 774 3069 ne
794 2994 1118 3092 petebeutguidern,
1143 3009 1198 3064 eut
1217 3011 1363 3086 petentes
1383 2999 1543 3086 repulsum
1555 3014 1644 3066 certo
1663 3000 1880 3087 potiebantur.
1927 3004 1995 3074 Rex
2014 3005 2102 3098 euim

421 3127 448 3191 si
467 3124 532 3188 lroc
550 3121 775 3194 conoessisser,
797 3115 940 3189 Judseos
957 3111 1186 3189 lucessisisset,
1206 3132 1345 3199 quotum
1370 3110 1449 3177 irem
1463 3134 1662 3201 proroeure,
1679 3116 1808 3204 grunius
1822 3119 1883 3208 ipsi
1905 3121 2009 3187 risum
2030 3123 2100 3202 sit,

421 3262 521 3333 guum
539 3237 660 3304 hesum
681 3231 976 3308 samaritanorum,
998 3226 1058 3317 qui
1075 3228 1109 3298 et
1125 3247 1260 3295 uumero
1277 3227 1517 3299 structoritste
1536 3229 1669 3301 Judueis
1687 3231 1792 3301 multo
1807 3235 1974 3303 inferiores
1991 3250 2100 3317 erent,

422 3351 644 3423 benevolendi
671 3350 731 3417 uti.
780 3346 911 3413 Constet
930 3344 1100 3421 nimirum,
1125 3341 1285 3409 Herodem
1306 3346 1339 3410 in
1363 3346 1460 3411 rebus
1491 3349 1632 3435 publicis
1661 3350 1887 3433 moderandis,
1919 3352 2099 3430 rationibus

423 3472 557 3539 ductum
578 3467 689 3543 luisse,
706 3485 725 3529 s
741 3484 817 3528 sero
835 3459 1014 3548 Religionis
1032 3480 1125 3523 sensu
1142 3458 1237 3547 louge
1253 3461 1412 3541 remotis,
1436 3461 1518 3549 qni,
1542 3464 1569 3528 si
1592 3486 1744 3554 umquem
1764 3488 1803 3533 eo
1820 3466 1962 3533 imbutus
1979 3468 2101 3549 luerit,

287 3565 292 3571 .
421 3584 572 3677 ‚uperbii
590 3604 630 3648 sc
649 3576 836 3646 dominandi
859 3576 967 3647 lurore
985 3577 1022 3642 iu
1040 3575 1106 3641 dies
1124 3576 1221 3666 magis
1235 3578 1404 3667 magisque
1420 3588 1606 3649 extenuetur
1625 3592 1685 3650 est.
1733 3580 1816 3649 Sulis
1837 3604 1913 3673 ergo
1926 3605 1960 3651 se
1985 3583 2098 3653 fecisse

422 3704 572 3793 opinatus
589 3700 654 3778 sit,
679 3699 705 3763 si
722 3696 819 3765 Ssors
837 3696 873 3762 iu
889 3695 1000 3762 iloute
1020 3694 1240 3782 grrisimitsno
1262 3716 1416 3785 peregere
1435 3694 1644 3767 Sumnritruis
1664 3702 1872 3790 permisisset.
1898 3704 1940 3771 lit
1959 3702 2022 3771 hoc
2040 3702 2100 3771 be·

422 3821 560 3897 peticio,
584 3829 621 3883 ut
642 3839 678 3882 er
702 3814 842 3892 Jourv
862 3814 1070 3902 conspicuum
1092 3825 1158 3894 est,
1193 3814 1318 3879 deinde
1331 3818 1408 3900 ‚rivo
1435 3816 1471 3883 J.
1492 3815 1529 3883 0.
1549 3818 1659 3895 reveri
1679 3818 1739 3907 ipsi
1760 3818 1955 3899 umbertus,
1988 3844 2095 3911 neque

420 3964 438 4007 e
461 3935 616 4013 iudaeis,
638 3932 712 3998 ullir
738 3932 772 3996 iu
793 3929 892 3997 Cultu
913 3928 1106 3995 celebrsndo
1118 3929 1279 4017 molestiis
1294 3931 1400 3995 sli‘eeti
1419 3949 1490 3995 esse
1509 3931 1670 3999 ridentur.
1717 3934 1833 3999 Iisdem
1857 3940 1976 4024 puriter
1996 3952 2095 4029 utque

420 4055 553 4132 Judssis
576 4054 706 4140 insuper
724 4068 909 4115 eoncessum
931 4045 1050 4125 luerit,
1078 4044 1204 4115 coesse
1233 4070 1272 4113 ee
1293 4047 1503 4135 Synoqogos
1525 4048 1717 4117 condereris
1746 4052 1906 4134 urbibus,
1938 4054 2099 4123 Herodis

419 4176 570 4265 imperio
598 4169 783 4257 subjectis,
815 4166 849 4233 iu
879 4149 1016 4255 querum
1041 4150 1249 4233 nobilissimis
1281 4165 1473 4234 Sumeritsni
1493 4180 1627 4256 poster,
1660 4167 1756 4235 rebus
1780 4169 1932 4250 turbetis,
1967 4193 2098 4262 mugnus

442 4305 524 4358 artes
594 4298 700 4355 erunt.

418 4316 441 4383 p
467 4407 515 4474 lle
541 4313 714 4491 deifici&
734 4413 858 4481 temen,
884 4398 1163 4508 quelib'uscunque
1183 4394 1332 4476 tundem,
1355 4420 1438 4488 quse
1458 4398 1649 4467 Sumsritr'ui
1670 4400 1711 4467 sl)
1730 4400 1858 4471 Herode
1887 4408 2092 4495 receperint,

420 4522 539 4593 losuse
561 4518 659 4588 Liber
682 4541 724 4587 ue
740 4517 839 4585 serbo
861 4516 992 4607 quidem
1014 4512 1159 4613 monuit}
1179 4510 1392 4619 eontrarium
1418 4537 1493 4585 rere
1516 4514 1706 4609 perhibetur
1728 4520 1762 4586 iu
1786 4520 1948 4590 Chronico
1973 4527 2096 4593 leu’s·

437 4741 672 4761 *-

460 4888 505 4967 (ι)
527 4888 610 4947 Aes
628 4883 737 4946 run.
753 4882 781 4944 r.
800 4881 837 4953 ³,
852 4880 913 4941 eu.
934 4880 998 4943 xx.
1016 4881 1042 4941 1.
1063 4884 1092 4945 ι.
1353 4882 1398 4961 (ι)
1420 4881 1505 4944 Aee.
1524 4881 1585 4946 xv.
1605 4884 1636 4947 s.
1649 4882 1685 4959 r,
1705 4892 1732 4947 e
1745 4884 1776 4950 ³.
1793 4885 1826 4951 t.

462 4988 506 5064 rs)
525 4987 607 5054 Aen
623 4984 686 5045 rs.
706 4982 735 5043 s.
750 4983 815 5043 no
834 4981 862 5042 o.
879 4982 919 5053 s,
943 4980 1034 5043 ssu.
1053 4980 1083 5042 e.
1097 4982 1127 5044 u
1330 4983 1397 5063 ,(ι)
1418 4981 1469 5044 ιι
1487 4982 1594 5051 ιιι
1614 4986 1642 5051 ι.

461 5090 504 5167 (ι)
525 5082 694 5147 mxu.
713 5082 793 5159 ue,
814 5081 956 5160 seps.

462 5186 506 5269 (σ)
526 5184 573 5247 ιι
589 5181 682 5245 xvu.
698 5181 730 5242 s.
747 5181 775 5242 ι.
803 5180 982 5241 rueme·
998 5175 1107 5238 utres
1123 5174 1187 5237 turs
1202 5177 1351 5243 samu
1369 5177 1417 5241 ιι
1435 5175 1529 5259 petr
1551 5198 1625 5261 „qe
