5467 6500
676 1029 844 1099 idolorum
864 1039 971 1097 antem
990 1024 1091 1096 Gnltn
1109 1037 1189 1096 tunc
1210 1028 1287 1097 licat
1306 1026 1443 1119 publice
1462 1024 1637 1115 abrogato,
1661 1018 1805 1091 studium
1824 1030 1931 1093 unca
1952 1020 2113 1093 ldosuimri
2133 1042 2206 1093 oum
2220 996 2321 1093 Gan-⁸

633 1153 717 1219 tium
735 1145 940 1237 opinionibus
958 1157 992 1213 et
1010 1144 1350 1234 institutis'copulandi
1367 1145 1401 1209 iu
1421 1142 1565 1210 omnium
1586 1138 1701 1207 animia
1718 1137 1861 1207 nondum
1874 1139 2083 1229 exstirpatum
2100 1153 2180 1209 erat.
2205 1142 2243 1209 ln
2256 1142 2315 1209 hos

634 1268 714 1333 itesn
730 1266 976 1343 inaurarent,
1001 1262 1093 1329 uass
1106 1261 1314 1327 ethuqut
1334 1260 1455 1327 insecti
1473 1270 1571 1337 suut,
1595 1276 1655 1325 nec
1676 1268 1783 1323 tamen
1801 1254 1943 1344 ipsorum
1965 1255 2072 1321 lassor
2093 1276 2147 1325 cos
2167 1278 2317 1327 coercere

632 1382 754 1473 potuit.
801 1378 934 1447 bliuime
952 1375 1040 1445 enim
1065 1377 1192 1444 sufficit
1210 1375 1328 1442 horum
1350 1376 1499 1443 Virorum
1520 1373 1715 1449 auotoritas,
1740 1382 1777 1437 ut
1792 1370 1996 1440 matrimonia
2014 1390 2087 1439 curn
2106 1374 2251 1453 litteris,
2275 1394 2316 1443 ua

633 1497 862 1568 commercium
882 1493 987 1561 dicam
1015 1515 1090 1561 cum
1113 1494 1178 1573 iis,
1201 1490 1467 1582 prohiberentur.
1515 1491 1605 1577 Quae
1627 1484 1790 1577 quorssodo
1807 1484 1948 1553 studium
1966 1486 2051 1553 istud
2070 1492 2313 1577 promoverint,

633 1618 770 1705 quisque
788 1611 953 1701 intelligit.
1000 1610 1058 1676 llis
1072 1609 1172 1699 igitur
1187 1608 1326 1697 aliisque
1349 1608 1446 1675 rebus
1462 1628 1499 1674 ex
1515 1608 1638 1673 mutati
1657 1616 1838 1691 ternpornm
1857 1604 1980 1670 satione
2000 1605 2104 1683 ortis,
2129 1608 2316 1695 praesertim

632 1756 663 1799 r.
684 1754 715 1801 c.
747 1730 942 1797 Graecorum
968 1724 1068 1793 cultu
1097 1747 1156 1815 per
1183 1726 1290 1793 dsisrn
1318 1734 1516 1814 propugato,
1541 1720 1661 1789 lactum
1686 1734 1753 1799 ost,
1778 1733 1814 1784 ut
1846 1720 1915 1807 ojus
1944 1720 2146 1808 spectetisml
2176 1721 2315 1789 lautores

632 1850 666 1913 it
685 1866 820 1913 numero
835 1846 870 1911 et
883 1843 1042 1933 dignitate
1059 1857 1265 1931 augerentur.
1311 1840 1503 1917 Certamen,
1525 1835 1613 1926 quod
1628 1834 1684 1903 hos
1700 1838 1784 1903 intes
1802 1846 1833 1901 et
1850 1834 2012 1905 Mossismi
2031 1838 2197 1905 severioris
2215 1840 2316 1903 socios

631 1983 758 2049 semper
777 1961 905 2037 ruant,
928 1959 1165 2026 acerbissimum
1188 1972 1266 2025 tnnc
1285 1969 1319 2023 et
1343 1956 1565 2047 gravissimum
1593 1954 1716 2031 erasit,
1739 1973 1842 2041 quum
1868 1949 1939 2029 illi,
1963 1952 2096 2043 publici
2126 1956 2318 2021 auctoritate

631 2079 771 2158 muniti,
795 2097 908 2167 graeca
929 2097 1018 2143 sacra
1041 2096 1117 2141 cnm
1134 2078 1281 2140 mosaicis
1302 2072 1554 2159 conjunxissent.
1601 2070 1686 2137 Huic
1706 2048 1873 2137 certamini
1892 2092 1933 2137 ue
1950 2070 2211 2139 Maccahaeorum
2229 2092 2317 2136 arma

631 2198 730 2263 finem
751 2195 985 2283 imposuerunt.
1033 2192 1117 2259 'lum
1139 2192 1204 2256 illi
1227 2193 1303 2255 sinti
1326 2202 1359 2257 et
1382 2188 1549 2253 inferiores
1568 2186 1668 2264 lacti,
1692 2207 1757 2251 non
1781 2207 1859 2253 raro
1887 2186 2002 2265 fracti,
2025 2208 2086 2253 nec
2115 2186 2203 2253 letali
2226 2186 2317 2251 clade

631 2312 736 2379 affecti
751 2321 838 2380 suut.
884 2307 978 2375 Brevi
1006 2326 1123 2395 nempe
1143 2304 1244 2373 hocce
1267 2304 1430 2374 bloss's'smi
1449 2324 1486 2368 er
1506 2301 1659 2369 Gentium
1680 2302 1891 2389 opinionibus
1912 2314 1946 2369 et
1967 2304 2123 2371 institutis
2142 2302 2318 2369 erornandi

630 2440 663 2494 ct
683 2423 926 2493 consummandi
946 2421 1089 2490 studium
1109 2444 1209 2489 nosos
1232 2420 1339 2489 denuo
1359 2420 1482 2487 animos
1502 2417 1614 2507 cepit,
1633 2428 1666 2483 st
1696 2415 1820 2506 duplici
1839 2417 1935 2485 modo
1954 2420 2090 2487 maxime
2110 2418 2317 2485 manifestum

629 2564 663 2609 sa
681 2539 836 2609 reddidit.
882 2537 1061 2607 Sererioris
1082 2538 1232 2605 nimirum
1260 2537 1422 2605 blosa'ismi
1449 2535 1615 2626 patronis,
1640 2533 1697 2623 qui
1726 2534 1865 2623 antiquis
1889 2534 2003 2603 formis
2023 2534 2261 2611 adhaerebant,
2284 2548 2317 2601 et

630 2657 939 2736 Sadducaeorum,
964 2654 1064 2723 idest
1077 2658 1257 2742 justorum
1275 2652 1371 2721 titulo
1393 2664 1492 2719 semet
1514 2652 1575 2741 ipsi
1595 2648 1772 2725 ornabant,
1792 2664 2012 2738 opposuerunt
2029 2674 2062 2716 se
2081 2672 2187 2719 rerum
2204 2652 2318 2719 asiati-

629 2780 740 2840 carum
761 2791 1012 2861 peccatumque
1028 2770 1174 2837 studiosi.
1222 2768 1272 2834 sb
1291 2769 1330 2831 iis
1355 2770 1485 2857 populis
1514 2768 1551 2832 bi
1580 2787 1688 2833 rerum
1716 2765 1945 2833 nonnullarum
1972 2766 2119 2833 notiones
2141 2768 2239 2856 magis
2261 2791 2316 2833 es-

629 2892 754 2967 culus,
778 2900 812 2953 et
831 2908 913 2953 nora
930 2887 1077 2952 instituta
1101 2885 1243 2949 mutuari
1264 2895 1297 2949 et
1309 2882 1480 2949 blosa'ismo
1501 2879 1618 2947 addere
1638 2878 1726 2945 haud
1745 2879 1948 2949 serebantur.
1994 2879 2061 2947 Hos
2077 2902 2183 2947 rerum
2209 2886 2317 2951 aristi·

630 3028 741 3074 earum
770 3004 886 3070 amicos
915 2998 1096 3068 Sadducaei
1124 3012 1352 3089 nuncuparunt
1384 2999 1627 3073 Phars'aaeas,
1652 2992 1757 3062 idest
1791 3002 1975 3085 separatos
1987 3041 1999 3076 ,
2023 2996 2099 3083 quia
2121 2995 2179 3063 hos
2202 3022 2240 3067 es
2261 3004 2317 3069 sui

630 3123 858 3189 commuuione
876 3116 1090 3185 excludendos
1107 3138 1174 3183 esse
1191 3116 1376 3185 censebant.
1405 3116 1433 3181 li
1452 3115 1570 3204 quibus
1587 3132 1743 3203 graecae
1759 3112 1896 3179 maxime
1926 3113 2093 3202 opiniones
2119 3114 2316 3203 placebant,

630 3237 914 3306 Belleniataram
936 3235 1066 3302 nominc
1092 3232 1182 3313 noti,
1202 3255 1306 3322 quos,
1339 3243 1376 3296 ut
1403 3230 1539 3297 aliorum
1563 3228 1668 3296 serbis
1695 3238 1845 3306 utamur,
1870 3229 1929 3319 qui
1956 3228 2217 3299 Sadducaeorum
2242 3247 2316 3299 stu·

631 3355 720 3421 dium
733 3353 1185 3442 judaico-palaestineum,
1210 3361 1242 3413 et
1263 3344 1504 3414 Pharisaeorum
1516 3343 1924 3434 judaico-babylonicum
1943 3347 2107 3436 appellunt
2119 3397 2130 3428 ,
2145 3350 2319 3436 jndaico-

629 3476 758 3564 graees'
773 3467 870 3537 studii
890 3467 992 3536 socios
1011 3485 1200 3552 nuncupare
1219 3461 1310 3532 licet.

678 3586 763 3671 Quid
786 3583 906 3672 singuli
923 3581 1070 3670 eperint,
1095 3597 1211 3665 quassa
1240 3573 1350 3640 turbas
1374 3571 1553 3642 Sadducaei
1577 3575 1713 3644 maxime
1735 3589 1768 3644 et
1801 3573 1963 3644 Pharisaei
1991 3581 2172 3660 moverint,
2195 3587 2319 3671 etquis

633 3701 816 3770 certaminis
833 3698 931 3764 luerit
951 3695 1075 3772 esitus,
1100 3690 1346 3781 praetermitto,
1371 3688 1433 3755 hoo
1459 3702 1583 3756 tantum
1613 3691 1803 3770 observans,
1830 3693 2048 3783 principatum
2078 3697 2110 3762 in
2141 3699 2320 3766 Palaestini

632 3817 761 3885 tandem
780 3813 954 3882 obtinuisse
971 3809 1178 3888 Pharisaeos,
1212 3807 1245 3872 in
1269 3807 1417 3895 Aegypto
1437 3816 1469 3871 ct
1499 3805 1532 3871 in
1556 3804 1753 3875 Judseorum
1778 3806 1931 3877 coetibus
1960 3833 2019 3900 per
2042 3811 2189 3900 Regnum
2207 3837 2320 3886 rorass-¹

631 3957 710 4002 num
729 3930 935 3999 Hellenistus.

677 4049 766 4118 Haec
789 4043 1004 4116 deTribubus
1025 4038 1310 4119 meridionalibus,
1336 4035 1401 4106 sire
1426 4036 1564 4128 judaicis
1590 4041 1764 4112 sufficiunt.
1790 4039 1931 4127 Quarum
1954 4042 2032 4110 alios
2054 4066 2154 4133 quum
2174 4045 2321 4114 Idolola-

632 4166 713 4234 trise
736 4161 814 4230 olim
830 4209 840 4239 ,
854 4160 933 4227 alios
951 4181 1028 4226 sero
1052 4179 1178 4247 semper
1199 4155 1307 4223 studio
1329 4153 1456 4222 deditos
1474 4155 1618 4224 ridemus
1630 4158 1837 4226 bioaa'r'smum
1860 4180 1935 4226 cum
1954 4159 2105 4228 Gentium
2124 4169 2240 4228 sacris
2251 4167 2318 4252 psi·

513 4302 517 4308 ·
631 4303 745 4359 mum,
767 4266 885 4349 deinde
904 4298 978 4343 cum
998 4277 1140 4366 ipsarum
1158 4271 1378 4362 opinionibus
1398 4275 1614 4342 instinctione
1638 4273 1834 4364 copulandi,
1859 4275 1939 4364 quid
1967 4297 2084 4366 quaeso
2100 4289 2317 4364 exspectamur

632 4395 850 4464 samaritanos
866 4393 1002 4470 iecisse,
1027 4402 1203 4479 eorumque
1223 4387 1383 4466 Psoasos,
1407 4387 1525 4455 Tribus
1544 4389 1829 4481 septentrionales,
1854 4391 1971 4480 quibus
1994 4390 2127 4458 deirant
2149 4394 2318 4482 egregiae,

634 4535 718 4604 quae
728 4507 994 4577 meridionalibns
1007 4505 1207 4595 contigerant
1218 4551 1227 4583 ,
1240 4502 1337 4592 hujus
1349 4501 1465 4570 (initus
1480 4508 1717 4596 acorrupticne
1738 4508 1862 4596 integre
1884 4505 2030 4573 servandi
2043 4509 2318 4597 opportunitates?

635 4628 751 4719 ltaque
770 4626 917 4717 prolecto
937 4645 1002 4690 nou
1022 4621 1140 4688 mirum
1168 4634 1216 4688 est
1228 4668 1239 4703 ,
1263 4619 1527 4710 septentrionales
1548 4623 1671 4714 pariter
1693 4625 1726 4687 et
1752 4623 1784 4688 in
1803 4621 1968 4689 Idolosum
1990 4619 2122 4690 cultum
2146 4623 2318 4706 incidisse,

637 4750 756 4819 itrero
777 4742 868 4809 istius
884 4737 1085 4829 syncretismi
1104 4734 1210 4804 studio
1232 4736 1345 4805 ductas
1359 4735 1470 4810 luisse.
1518 4739 1606 4825 Quas
1628 4761 1677 4806 res
1696 4738 1796 4806 serbo
1815 4737 1868 4804 hio
1885 4749 2073 4828 exponatur.

684 4859 824 4938 Studia,
849 4879 931 4948 quae
949 4855 1110 4936 diximus,
1124 4856 1169 4942 ,in
1186 4852 1452 4938 meridionalibus
1480 4855 1674 4945 conspicua,
1700 4855 1734 4923 iu
1760 4855 1921 4922 Tribubus
1944 4853 2245 4942 septentrionalibus
2270 4855 2319 4950 (l)

640 4982 738 5050 attam
758 4976 927 5046 manifesta
944 4983 1022 5039 suut
1031 5018 1042 5053 ,
1065 4968 1120 5039 sad
1136 4969 1179 5039 ob
1198 4967 1345 5064 locorum
1356 5019 1367 5052 ,
1391 4993 1474 5061 quse
1493 4970 1536 5038 ab
1558 4970 1609 5042 his
1631 4971 1882 5051 habitabantur,
1907 4971 2004 5038 situm
2026 4985 2061 5042 et
2081 4971 2318 5052 conditionem,

634 5117 848 5148 Μ

686 5209 730 5287 (l)
753 5208 794 5270 De
813 5207 860 5268 iis
876 5203 1014 5267 Tribubns
1029 5203 1086 5269 sid.
1103 5201 1317 5266 Bmmnbl.
1342 5223 1372 5285 p.
1388 5201 1448 5266 327
1468 5223 1545 5287 seqq.
1617 5233 1633 5264 v.
