5467 6500
1331 841 1596 925 ..r-

630 1046 853 1124 tantummodo
873 1056 1065 1137 supersuut3
1089 1038 1251 1130 iidemque
1267 1040 1362 1106 simul
1382 1043 1573 1131 opinantur,
1606 1040 1731 1109 eosdem
1760 1043 1857 1133 hujus
1882 1046 2006 1115 Sectae
2033 1048 2113 1119 ritus
2138 1064 2170 1122 et
2197 1054 2312 1125 eadem

630 1176 771 1273 placita,
794 1166 917 1237 Gentis
935 1164 1010 1230 item
1031 1162 1273 1226 samaritanae
1288 1160 1475 1223 aniversae
1493 1180 1579 1226 sacra
1599 1172 1632 1225 ot
1655 1161 1817 1249 religionis
1827 1163 2004 1231 doctrinam
2024 1166 2118 1235 luisse
2128 1192 2187 1259 per
2207 1174 2310 1239 multa

629 1294 760 1370 secula,
785 1311 802 1352 a
823 1280 954 1349 condito
975 1276 1087 1342 saltem
1118 1273 1253 1364 Templo
1279 1272 1513 1363 garisimitano.
1562 1274 1653 1360 Quod
1688 1279 1746 1364 qui
1778 1279 1938 1367 probent,
1973 1284 2040 1370 ejus
2070 1283 2183 1352 Gentis
2202 1309 2306 1375 neque

628 1409 804 1482 Historiam
821 1398 1015 1475 consulunt,
1038 1393 1203 1479 vanasque
1222 1402 1256 1457 et
1283 1390 1477 1479 posteriores
1515 1393 1651 1457 maxime
1682 1393 1913 1483 vicissitudines
1942 1400 2072 1467 minime
2090 1402 2307 1490 perpendunt.

630 1530 701 1598 liae
722 1525 807 1591 enim
828 1539 901 1583 eum
924 1516 1044 1581 exitum
1063 1509 1264 1585 habuerunt,
1288 1518 1324 1573 ut
1343 1502 1558 1585 Samaritani,
1583 1528 1647 1573 non
1677 1532 1753 1577 sero
1773 1511 1916 1593 Judaei,
1941 1515 2025 1582 inter
2046 1518 2164 1584 Gentes
2180 1518 2310 1584 tandem

632 1648 701 1714 iere
722 1634 864 1726 obtorpll
883 1636 967 1711 ⁸5⁰¹?
994 1627 1082 1717 quod
1104 1647 1202 1715 quare
1222 1644 1287 1690 non
1308 1626 1391 1707 hia,
1414 1626 1468 1693 sed
1486 1629 1569 1694 illis
1587 1628 1752 1708 evenerit,
1774 1627 1831 1695 illa
1861 1630 2012 1719 opinione
2031 1634 2176 1713 serrati,
2202 1635 2309 1722 senm-

632 1785 685 1833 mn
706 1782 772 1827 esse
792 1754 939 1829 ridetur,
964 1742 1126 1836 probabili
1143 1743 1266 1808 ratione
1286 1741 1336 1806 vir
1354 1742 1553 1814 soluendam.

679 1875 815 1947 ludaei
833 1869 976 1943 scilicet,
1002 1864 1092 1951 iique
1108 1861 1292 1938 innumeri,
1317 1880 1375 1947 per
1402 1862 1513 1929 orbem
1543 1856 1699 1929 terrarum
1724 1860 1800 1928 licet
1831 1860 1996 1951 dissipati,
2018 1876 2209 1955 supersunt,
2234 1868 2311 1953 quia

630 2007 761 2089 praeter
787 1984 970 2073 antiquiora
997 1978 1168 2055 instituta,
1190 1976 1368 2043 recentiora
1392 1978 1486 2043 etism
1519 1976 1661 2057 habent,
1685 1978 1801 2067 quibus
1828 1979 2021 2060 cavebatur,
2045 2002 2086 2047 ne
2107 2002 2180 2047 cum
2199 1981 2315 2048 Genti-

634 2115 719 2188 bus,
744 2108 777 2174 in
807 2102 926 2193 quibus
956 2095 1071 2164 mediis
1101 2095 1267 2173 viserent,
1291 2095 1578 2183 conjungerentur;
1604 2108 1637 2162 et
1665 2093 1745 2161 haec
1767 2096 1876 2161 omnia
1896 2095 1944 2163 illi
1968 2110 2033 2164 tem
2055 2096 2226 2187 diligenter
2248 2099 2311 2163 ob·

635 2234 821 2302 servarunt,
846 2233 881 2285 ut
901 2218 942 2283 ab
967 2213 1018 2279 his
1050 2233 1176 2300 semper
1207 2209 1352 2275 distincti
1375 2213 1562 2278 manserint.
1609 2210 1917 2279 Samaritanorum
1943 2226 2054 2281 contra
2080 2214 2194 2299 major
2218 2208 2314 2304 para

635 2347 774 2441 patriam
797 2361 860 2405 non
880 2333 1037 2423 reliquit,
1061 2329 1171 2417 ibique
1185 2325 1332 2391 cladibus
1346 2326 1478 2412 quidem
1505 2328 1617 2394 affecta
1633 2340 1699 2405 est,
1723 2350 1786 2393 non
1807 2348 1882 2395 uero
1902 2341 1966 2396 tam
1985 2328 2156 2419 peoribus,
2181 2342 2216 2395 ut
2235 2333 2314 2394 unt·

637 2487 741 2531 versa
760 2480 835 2551 gens
861 2454 903 2520 iis
917 2450 1087 2538 exstirpata
1109 2446 1162 2513 sit.
1209 2442 1427 2511 Nihilominus
1445 2456 1550 2511 tamen
1570 2444 1671 2533 ipsius
1694 2444 1825 2531 vestigia
1844 2444 1973 2531 penitus
2002 2443 2069 2513 fere
2096 2443 2201 2511 deleta
2224 2455 2312 2509 sunt.

640 2586 686 2651 Er
709 2576 800 2645 clade
821 2572 918 2662 igitur
939 2566 1123 2655 superstites
1137 2560 1208 2626 ubi
1234 2562 1483 2627 remanserunt?
1503 2598 1548 2613 -
1571 2560 1614 2627 lti
1632 2560 1700 2626 sine
1719 2559 1820 2627 dubio
1841 2581 1916 2628 cum
1933 2559 2007 2627 aliis
2025 2560 2203 2641 Gentibus,
2228 2558 2312 2625 hauc
2339 2578 2341 2583 ·

636 2713 755 2765 terram
776 2682 1050 2778 expugnantibus,
1073 2679 1242 2745 marimum
1271 2688 1395 2767 partem
1420 2676 1585 2743 commixti
1617 2689 1703 2747 sunt.
1745 2674 1810 2744 Sed
1840 2676 1876 2743 hi
1905 2676 2066 2765 quomodo
2094 2698 2170 2743 eum
2201 2675 2314 2743 iissem

636 2838 671 2881 ae
687 2811 882 2895 conjungere
900 2808 1098 2889 potueruut,
1122 2794 1148 2859 si
1168 2793 1318 2860 statuitur
1336 2801 1441 2856 totam
1459 2794 1595 2858 Gentem
1611 2796 1836 2882 perlongum
1859 2792 2040 2859 seculorum
2056 2792 2169 2860 seriem
2189 2792 2269 2859 ritus
2281 2804 2315 2858 et

636 2929 757 3023 placita
768 2914 977 2991 Pentateuehi
997 2912 1199 2988 observasse,
1224 2920 1256 2976 et
1270 2930 1365 2974 omne
1383 2929 1457 2973 aum
1478 2906 1516 2971 iis
1535 2906 1764 2972 commercium
1781 2906 1919 2973 studiose
1936 2907 2098 2973 evitasse?
2145 2907 2231 2975 Num
2244 2930 2316 2976 cre·

637 3045 736 3115 dibile
754 3052 823 3117 est,
845 3048 972 3125 gentem
994 3030 1201 3119 antiquorum
1221 3026 1439 3091 institutorum
1457 3022 1545 3089 adeo
1565 3032 1738 3104 tenacem,
1761 3027 1877 3111 itaque
1899 3022 2034 3089 tamdia
2052 3024 2312 3109 assuefactam,

638 3188 676 3233 ea
688 3176 795 3228 tamen
815 3150 997 3243 repudiasse
1018 3144 1171 3223 tandem,
1195 3163 1375 3230 eorumque
1390 3162 1518 3231 prorsus
1533 3140 1668 3209 oblitam
1686 3162 1752 3207 ease
1762 3188 1771 3221 ,
1796 3139 1877 3229 quia
1887 3186 1898 3218 ,
1923 3139 2027 3207 Geato
2043 3138 2313 3222 adhucllor'ente,

639 3283 765 3358 risisse,
790 3286 851 3352 ut,
875 3267 963 3360 quod
979 3262 1122 3334 Historia
1142 3272 1300 3339 testatur,
1323 3257 1538 3328 lithnicorum
1560 3257 1674 3326 Cultus
1695 3257 1875 3326 diutissime
1893 3259 1926 3324 in
1945 3259 2050 3350 patrii
2067 3261 2124 3324 aui
2142 3259 2278 3347 vigeret.

683 3398 757 3467 Non
780 3391 843 3459 otia
861 3387 984 3452 raficas
1005 3379 1087 3446 baec
1104 3381 1249 3469 quaestio
1265 3375 1346 3443 solui
1363 3398 1454 3464 posse
1482 3373 1632 3452 ridetur,
1655 3373 1718 3440 nisi
1738 3395 1837 3461 quum
1865 3375 2027 3463 vulgarem
2046 3373 2086 3440 de
2111 3373 2317 3443 samaritanis

637 3515 822 3607 opinionem
844 3502 1024 3576 mittimus,
1046 3508 1079 3564 et
1098 3496 1256 3562 veriorem
1278 3491 1503 3579 amplectimur
1531 3491 1743 3567 sententiam,
1764 3512 1830 3556 uon
1852 3489 1951 3556 ωοάο
1967 3489 2104 3557 aliorum
2121 3490 2318 3582 populorum

638 3622 911 3712 contemplatione
924 3611 1115 3704 probatam,
1138 3607 1191 3674 seri
1216 3607 1356 3674 Historiis
1375 3601 1472 3692 hujus
1496 3604 1594 3668 etiem
1607 3603 1724 3670 Gentis
1741 3604 1977 3673 confirmatam.

683 3741 833 3834 seposito
856 3755 931 3823 erpo
947 3727 1072 3819 uulgari
1091 3724 1151 3790 isto
1173 3744 1302 3800 errore,
1327 3719 1390 3785 hoe
1407 3717 1571 3807 inprimis
1590 3732 1772 3799 teneamus,
1796 3705 2012 3788 Samaritanus
2034 3729 2198 3811 posteros
2218 3723 2315 3791 luisse

638 3867 750 3933 decem
769 3853 954 3926 ratam,
980 3843 1100 3935 quibua
1113 3842 1258 3930 Regnum
1276 3835 1484 3904 israiiliticum
1508 3835 1666 3904 constitit.
1713 3834 1761 3901 Ilo
1780 3837 1820 3902 iis
1835 3849 1943 3926 autem
1959 3850 1996 3904 ut
2015 3849 2313 3920 recteetatuamus,

637 3977 802 4071 inprimis
826 3963 1032 4038 attendantur
1069 3958 1183 4028 Gentis
1210 3954 1366 4022 hebraeae
1406 3951 1528 4016 Tribus
1558 3956 1869 4039 septentrionales,
1894 3969 1927 4022 et
1953 3953 2100 4036 stadia,
2123 3957 2239 4045 quihus
2255 3955 2315 4025 hee

637 4097 848 4167 ferebantur,
872 4079 1018 4149 astudiis
1041 4076 1197 4144 'tribuum
1216 4068 1425 4138 Palaestinam
1443 4067 1705 4134 meridionalem
1721 4068 1953 4148 incolentium.
1980 4071 2116 4142 diuersa.

682 4217 731 4283 Ile
751 4195 1053 4298 septentrionalibus
1081 4183 1137 4257 iis¹
1151 4186 1311 4256 Tribubus
1341 4207 1406 4273 quo
1439 4184 1557 4250 melius
1574 4179 1782 4270 judicamur,
1805 4189 1947 4277 primum
1965 4187 2006 4256 de
2019 4187 2181 4257 Tribubus
2201 4189 2313 4279 loque.

638 4354 711 4400 mur
731 4315 1018 4394 meridionaltlas
1050 4307 1314 4392 eirejsdat'cia,
1336 4323 1402 4392 qno
1429 4301 1560 4368 nomine
1582 4298 1640 4365 has
1656 4301 1734 4369 item
1754 4325 1940 4396 nuncupare
1958 4303 2052 4386 licet,
2080 4307 2154 4397 quia
2174 4307 2315 4396 primum

639 4451 785 4535 Regnum
802 4435 996 4528 judaicam,
1020 4437 1053 4492 et
1083 4419 1201 4489 deinde
1232 4420 1328 4509 Resp.
1354 4416 1487 4506 judaica
1514 4438 1572 4506 per
1610 4415 1724 4486 barum
1757 4420 1914 4488 Tribuum
1946 4433 2045 4488 terrm
2071 4421 2312 4492 extendebatur.

640 4567 728 4634 inter
745 4558 806 4625 has
822 4551 940 4622 'lribus
958 4542 1136 4635 simplicior
1154 4538 1356 4629 puriorque,
1381 4557 1477 4626 quam
1503 4535 1586 4602 inter
1605 4535 1878 4624 septentrionales,
1890 4536 2005 4616 Cultus
2023 4537 2156 4606 mosaici
2176 4538 2226 4626 (1)
2246 4538 2314 4608 lor·

635 4744 904 4783 μ

678 4853 722 4930 (l)
743 4851 785 4910 Ita
804 4850 919 4907 ancaeo
942 4838 1025 4900 Culta
1044 4835 1174 4915 loquens,
1201 4827 1305 4890 formas
1330 4835 1421 4890 amen
1448 4827 1529 4907 hujus
1550 4828 1647 4888 cotta
1664 4829 1830 4910 antiquiores
1849 4835 1876 4890 ct
1903 4831 2063 4891 recentiores
2086 4825 2234 4910 dhtiaguo.
2274 4829 2312 4890 Ut

638 4953 718 5016 multi
733 4946 898 5030 jamdudum
914 4942 1097 5023 agnoverunt,
1115 4932 1212 4993 stato
1225 4937 1366 5009 praecepta
1388 4931 1418 4990 iu
1435 4929 1545 5009 singulis
1562 4929 1622 4989 sine
1638 4929 1721 4990 dubio
1743 4931 1834 4990 minan
1851 4937 1928 4990 crant
1944 4931 2069 5002 tofina,
2091 4950 2174 5011 quem
2192 4931 2311 4994 instituta

637 5051 792 5135 portarioris
812 5046 879 5107 assi.
918 5043 1024 5103 Horum
1041 5042 1130 5098 autem
1151 5037 1375 5111 praeceptorum,
1397 5036 1456 5088 tam
1485 5028 1669 5108 antiquiorum
1694 5035 1754 5090 tum
1774 5031 1957 5092 recentiorum
1979 5033 2110 5094 manta
2136 5039 2210 5110 (nam
2225 5031 2314 5114 plara

637 5155 702 5212 olim
719 5151 904 5223 exstimant),
926 5144 956 5203 iu
972 5133 1155 5200 Pentateucho
1171 5130 1279 5191 collecta
1295 5136 1369 5190 sunt.
1410 5127 1451 5189 Ea
1466 5129 1615 5201 nimirum,
1631 5147 1699 5209 quae
1719 5129 1847 5208 temporis
1866 5127 1984 5194 decursu
2000 5136 2084 5215 mapa
2102 5134 2211 5194 definita
2230 5139 2313 5205 suut,
2349 5195 2355 5204 ,

637 5254 746 5327 tiores,
766 5252 888 5331 ripaeos
905 5243 1019 5306 imisue
1031 5235 1161 5317 excipiet.
1177 5252 1232 5290 noa
1245 5232 1382 5306 milis
1400 5229 1446 5292 ‘td
1465 5229 1519 5290 “W
1529 5239 1597 5310 1²⁰tl
1613 5249 1672 5290 Μ
1689 5232 1829 5309 otmar,
1850 5237 1881 5294 ul
1898 5233 1986 5320 prisca
1994 5253 2047 5315 pro
2064 5237 2216 5316 impurum
2228 5233 2314 5294 ratio·
