5467 6500
1116 799 1405 875 ..95-

422 995 594 1064 maritanas
620 994 757 1072 iisdem,
779 991 896 1086 quibus
924 990 1042 1059 Judaei
1074 993 1283 1074 tractentur,
1304 993 1479 1083 privilegiis
1513 991 1754 1062 Alexandriae
1782 1001 1891 1086 postea
1914 1012 1987 1059 usos
2014 1014 2099 1072 esse,

437 1115 603 1181 estimonio
620 1113 660 1179 de
677 1112 791 1178 iisdem
815 1111 861 1173 ibi
879 1109 1070 1197 degentibus
1090 1133 1125 1201 p.
1145 1116 1187 1179 39
1205 1112 1322 1191 allata,
1345 1113 1492 1178 dubitare
1513 1132 1577 1178 nun
1600 1114 1721 1184 sinent.
2101 1119 2105 1125 '

466 1219 677 1308 Naccaedee
696 1228 936 1297 Andromachi
955 1248 1046 1293 causa
1072 1229 1154 1307 tait,
1180 1251 1279 1317 quare
1300 1229 1380 1295 haec
1404 1231 1555 1296 beneficia
1586 1231 1624 1296 iis
1653 1234 1716 1300 sire
1746 1255 1810 1298 nou
1831 1231 2007 1321 permissa,
2032 1229 2115 1296 sire'

421 1350 544 1416 ademta
571 1351 648 1418 aiut.
693 1345 935 1415 Andromaches
966 1369 1081 1436 nempe
1112 1369 1196 1414 enno
1221 1372 1250 1415 a.
1278 1347 1318 1416 0.
1345 1373 1379 1414 n.
1403 1353 1468 1414 332
1500 1349 1693 1414 Palaestinae
1716 1354 1941 1438 praepositus,
1964 1349 2099 1416 Sanbul-

320 1531 327 1539 ,
419 1466 485 1533 lato
505 1468 595 1534 brevi
623 1481 695 1556 pest
727 1467 898 1532 Alexandri
924 1467 1046 1532 abitura
1077 1479 1206 1533 mortuo
1237 1469 1309 1554 (1),
1345 1469 1410 1534 sinc
1434 1468 1607 1545 successit,
1638 1470 1704 1534 sire
1729 1469 1761 1534 in
1783 1470 1849 1535 eius
1874 1469 1978 1532 iocum
2000 1469 2100 1534 suffe·

418 1601 488 1654 ctu-a
516 1598 596 1654 erat.
643 1586 746 1652 Hice
775 1585 1006 1664 samaritanis,
1037 1607 1205 1676 graecam
1232 1586 1434 1653 Praefectum
1461 1601 1550 1652 certo
1582 1608 1674 1675 aegre
1702 1587 1898 1664 terentibus,
1938 1585 2100 1652 Samariae

418 1707 570 1782 tortasse,
589 1702 648 1768 ubi
667 1701 882 1782 habitaverit,
904 1715 1034 1770 necatus
1051 1726 1119 1771 esse
1142 1701 1279 1782 dicitur,
1296 1716 1467 1794 postquam
1487 1701 1595 1770 Rebus
1618 1704 1757 1795 iptorum
1776 1705 1871 1769 sacris
1884 1705 2015 1768 forsitan
2038 1703 2100 1768 im·
2116 1765 2122 1778 ,

418 1821 608 1910 prudentius
630 1843 697 1886 sese
726 1821 952 1889 immiscuerat.
1000 1821 1200 1903 Alexander,
1229 1825 1356 1913 cognito
1386 1819 1548 1901 facinore,
1579 1823 1612 1888 in
1643 1823 1770 1889 sceleris
1791 1835 1937 1887 auctores
1965 1824 2101 1912 inquisi-

417 1941 465 2006 vit
477 1990 486 2018 ,
499 1953 533 2007 et
547 1937 835 2028 Asclepiodorum,
856 1939 969 2029 Syriae
993 1953 1066 2008 ente
1077 1942 1301 2021 Praefectum,
1321 1965 1404 2007 anno
1422 1947 1483 2008 331
1505 1941 1804 2008 Palaestinaeetiem
1825 1943 2008 2031 praeposuit
2033 1943 2098 2027 (2),

416 2061 473 2147 qui
500 2057 541 2125 de
567 2059 712 2124 sectans
737 2054 972 2137 auctoribus,
993 2082 1058 2124 uun
1078 2081 1153 2129 rere
1186 2058 1229 2124 de
1255 2065 1421 2125 universa
1453 2061 1558 2127 Gente
1584 2061 1742 2148 supplicia
1775 2072 1925 2126 sumeret.
1970 2058 2004 2126 Si
2038 2061 2100 2124 tica

416 2177 560 2256 iecisset,
585 2179 618 2242 iu
638 2175 811 2244 traditione
827 2177 957 2266 judaici
973 2178 1005 2242 id
1029 2201 1103 2246 sene
1122 2191 1302 2257 serratum,
1324 2192 1357 2245 et
1374 2201 1391 2244 a
1411 2179 1563 2245 Joseruo
1588 2177 1741 2242 traditum
1762 2175 1886 2276 fuisset.
1923 2177 2005 2260 Quid
2035 2181 2098 2240 tn·

414 2282 588 2362 dromacha
614 2296 778 2374 evenerit,
800 2294 950 2364 Gonnus
973 2297 1044 2387 (li.
1066 2299 1099 2364 8.
1121 2299 1175 2383 10)
1197 2320 1368 2377 enarrans,
1392 2321 1474 2387 quac
1496 2295 1695 2380 Alexandro,
1726 2296 1758 2359 in
1780 2295 1926 2384 Aegypto
1951 2308 1983 2361 et
2008 2296 2099 2358 terris

414 2417 527 2481 vicinis
547 2415 683 2481 versanti
703 2415 899 2510 acciderint,
930 2414 980 2481 his
1002 2416 1109 2482 verbis
1133 2419 1344 2508 significaritc
1367 2421 1548 2496 oneravit,
1576 2415 1680 2504 inquit
1705 2415 1792 2480 hanc
1809 2415 1961 2480 dotorem
1985 2415 2094 2502 (quem

413 2529 770 2612 catamitaeiiectoris,
794 2531 852 2598 filii
876 2534 1093 2600 Parmenionis
1114 2534 1147 2600 in
1171 2534 1339 2602 Alexandri
1359 2536 1466 2600 auimo
1481 2529 1685 2614 excitaverat)
1711 2535 1854 2596 nuntiae
1871 2536 1995 2596 martis
2024 2533 2099 2598 An·

413 2647 617 2723 dromacla',
652 2671 749 2736 qnam
771 2637 1003 2737 praefecerat
1034 2650 1188 2736 Syriae:
1218 2656 1330 2715 vivam
1366 2649 1571 2728 Samaritae
1610 2631 1862 2714 cremaverant.
1908 2647 1970 2714 Aa
1998 2646 2097 2732 enjm

414 2769 594 2829 interitum
617 2764 889 2843 vindicandum,
921 2770 1054 2852 quantit
1072 2770 1229 2830 maximni
1249 2769 1428 2830 celeritate
1445 2769 1583 2854 potuit,
1605 2762 1803 2842 contendit,
1832 2764 2096 2854 advenientique

405 2860 492 2945 'sant
508 2882 640 2947 traditi
658 2888 751 2945 tanti
770 2883 914 2946 sceleris
934 2895 1106 2949 auctores.
1154 2881 1399 2948 Andromacho
1430 2880 1555 2945 deinde
1578 2879 1763 2950 Memnona
1785 2881 1988 2957 substituit,
2011 2877 2096 2966 affe·
2139 2851 2147 2864 ⁹

412 2977 480 3064 ctis
502 2998 700 3090 supplicio,
716 3002 779 3086 qni
793 3007 994 3088 praetorem
1011 3003 1269 3064 interemerant.
1305 3000 1393 3086 Quae
1412 2997 1490 3085 quin
1508 3019 1616 3063 revera
1639 2997 1684 3062 sic
1704 2997 1887 3092 ¹acciderint
1900 3047 1909 3078 ,
1924 2999 1974 3062 vix
1992 2997 2024 3062 in
2036 2995 2098 3060 du·

410 3115 499 3181 bium
520 3137 633 3180 vocare
655 3113 754 3192 licet,
783 3117 972 3202 praesertim
1002 3117 1028 3179 si
1053 3113 1205 3181 Gunrrue
1235 3113 1338 3191 haec,
1361 3124 1398 3177 ut
1419 3112 1481 3177 elin
1502 3112 1605 3178 multa
1632 3134 1669 3178 ex
1690 3111 1910 3202 scriptoribus
1927 3108 1980 3181 ‘de
2002 3115 2102 3182 rebus-

408 3229 585 3301 Alexandri
615 3228 734 3300 bennit.
775 3232 818 3299 'Io
850 3254 889 3299 eo
915 3243 1019 3299 tamen
1057 3233 1186 3300 ridetur
1212 3256 1358 3311 errasse,
1379 3232 1466 3323 quod
1489 3232 1726 3315 Memnonem,
1750 3256 1815 3319 non
1836 3257 1911 3303 nero
1932 3237 2097 3325 Asclepi-

410 3353 576 3431 odorum,
597 3349 822 3418 Andromacho
841 3352 1051 3418 substitutum
1072 3376 1139 3419 esse
1155 3352 1316 3443 perhibet.
1351 3352 1502 3418 Memnon
1521 3354 1606 3419 euim
1628 3364 1701 3418 ante
1721 3351 1852 3443 quidem
1871 3339 1982 3441 Syriae
1995 3375 2093 3441 prae·⁸

408 3470 530 3559 positus
560 3478 652 3545 erat,
682 3466 737 3532 sed
763 3468 837 3555 quia
863 3468 1064 3551 Provinciam
1096 3470 1122 3534 ia
1153 3491 1217 3533 nou
1244 3468 1326 3534 beue
1351 3466 1648 3546 administraverat,
1687 3467 1937 3559 Asclepiodorus
1966 3470 1998 3534 in
2026 3472 2095 3557 ejus

293 3648 298 3659 .
406 3586 515 3651 locum
533 3584 573 3651 ab
587 3583 766 3651 Alexandro
788 3606 824 3649 er
846 3583 994 3675 Aegypto
1012 3587 1133 3673 Tyrum
1159 3586 1277 3652 reduce
1293 3584 1456 3665 suffectus,
1476 3596 1508 3650 et
1533 3586 1761 3652 Palaestinae
1771 3586 1849 3653 item
1862 3585 2093 3676 gubernatione

283 3732 288 3740 ·
407 3723 445 3768 eo
468 3714 612 3790 tempore
637 3700 772 3769 donatus
793 3714 841 3768 est
866 3704 928 3788 (3).
975 3703 1140 3769 Praeterea
1164 3701 1372 3791 expungenda
1394 3724 1459 3768 esse
1493 3702 1641 3769 videntur
1674 3703 1794 3770 aerbar
1825 3708 1937 3767 vinnm
1963 3700 2095 3769 Sama-

409 3826 504 3886 ritae
530 3827 780 3885 cremaverant.
816 3820 957 3887 Glossam
980 3818 1059 3885 baec
1079 3821 1226 3909 sapiunt,
1253 3820 1355 3909 iisque
1380 3822 1523 3915 omissis,
1546 3822 1775 3887 sententiarum
1806 3842 1904 3888 nexus
1937 3818 2023 3885 haud
2043 3822 2094 3886 in·

409 3937 632 4025 terrnmpitur.
674 3935 724 4003 Au
750 3935 875 4000 facinus
907 3948 1081 4025 praeterea
1109 3936 1241 4001 Veteres
1264 3936 1422 4024 ignorant.
1445 4014 1449 4019 ‚
1473 3934 1733 3999 Andromachum
1757 3939 1974 4023 intersectum
2004 3960 2090 4013 csse,

339 4058 343 4061 ’
409 4057 494 4147 quod
515 4056 664 4122 Gonnus
690 4053 787 4119 etiarn
807 4054 875 4142 ipse
889 4066 1041 4142 spectat,
1062 4053 1119 4118 ubi
1138 4052 1240 4121 dicit:
1266 4053 1317 4118 ad
1336 4052 1435 4140 cnjus
1458 4055 1637 4116 interitum
1656 4052 1926 4133 uindicandam,
1949 4065 1982 4117 et
2001 4052 2091 4118 dein·

408 4176 472 4254 de,
493 4178 555 4263 qui
570 4183 769 4262 praetorem
783 4176 1058 4268 interemerant,
1085 4185 1151 4241 tam
1176 4175 1340 4245 detentos
1364 4170 1554 4251 contendit,
1580 4192 1677 4263 quem
1692 4220 1707 4251 ,.
1733 4171 1791 4263 qni
1814 4172 1883 4261 ipse
1905 4171 1997 4249 tonte
2017 4193 2091 4237 usus

409 4304 480 4371 est,
505 4292 678 4359 (tacueras
703 4290 881 4357 Crenaeus
907 4290 977 4374 tt):
1004 4297 1065 4371 dr,
1088 4289 1143 4359 bic
1163 4290 1271 4382 inquit
1304 4291 1420 4377 (idest
1442 4286 1698 4379 Ἀνδρόμαχον),
1730 4290 1858 4375 ὕστερον
1891 4296 2094 4375 Σαμαρεῖται

409 4410 654 4481 ἀποκτείναντες
676 4406 765 4481 δίκας
786 4408 903 4471 ἔτισαν.
1824 4388 1831 4397 ¹

453 4520 708 4589 ASamaritauis
739 4519 858 4607 aliquid
891 4534 1051 4609 patratum
1076 4544 1163 4600 esee,
1188 4520 1273 4611 quod
1297 4520 1470 4586 Alexandri
1491 4520 1569 4584 iram
1593 4519 1839 4609 provocaverit,
1866 4517 2005 4585 efficeres
2034 4520 2091 4582 in·

382 4662 504 4729 ‚cuper
526 4662 562 4705 cx
583 4638 775 4715 traditione,
796 4639 829 4702 in
850 4658 920 4725 cap·
942 4640 1044 4708 XLVI
1069 4654 1203 4707 exeumc
1232 4640 1324 4707 Libri
1345 4641 1628 4718 resanescant,
1654 4660 1757 4727 quae,
1780 4638 1849 4725 ejus
1870 4640 1916 4705 rei
1935 4641 2093 4704 memerito

451 4877 493 4951 (l)
514 4874 625 4963 Jomfl·
645 4876 729 4934 Abit.
745 4875 794 4935 XI·
814 4874 848 4944 8,
870 4875 900 4935 li.
1340 4882 1383 4955 (2)
1403 4880 1551 4939 Benraaru
1573 4879 1590 4935 l.
1603 4878 1620 4937 l.
1642 4900 1666 4955 p.
1681 4877 1748 4939 408.

451 4974 492 5050 (3)
514 4970 574 5029 vid.
594 4974 720 5031 Daorsnr
739 4975 826 5053 l.l.p
849 4975 919 5034 217.
968 4973 1108 5034 Diseeuana
1129 4979 1319 5056 componitur,
1341 4984 1362 5040 si
1384 4988 1499 5039 statuere
1522 4976 1602 5048 licat,
1634 4978 1808 5038 illerunoncm
1817 4994 1872 5054 par
1890 4975 2095 5049 narramur.

410 5068 601 5136 dfldfflfflttht’
614 5071 808 5143 substitutam,
830 5095 892 5154 mor
909 5094 990 5146 vero,
1011 5076 1075 5155 quia
1090 5074 1261 5138 Provinciam
1277 5082 1346 5141 male
1362 5081 1582 5151 administrabat,
1604 5085 1707 5138 motum
1726 5078 1822 5137 faisse..

450 5173 493 5250 (Ιι)
515 5171 594 5233 [liat.
612 5172 711 5248 ,Gema
735 5170 803 5229 Μ
824 5191 852 5247 p.
874 5174 927 5232 let
949 5174 1005 5251 (ed.
1015 5174 1112 5237 Boun..
1127 5174 1205 5236 18³8
1216 5197 1244 5254 p.
1256 5179 1344 5255 26⁵1..
