5467 6500
1333 835 1628 921 ...γεω

636 1047 875 1117 iuter'Judoeos
886 1044 1024 1110 'usitatos
1036 1044 1105 1108 etse
1123 1039 1321 1128 conjiceres,
1348 1034 1428 1102 adeo
1445 1048 1482 1102 ιιι
1503 1033 1730 1102 Samaritam·
1743 1034 1865 1118 tuisse,
1887 1047 1919 1104 et
1932 1036 2237 1112 Samaritanorum
2251 1048 2320 1118 mua,

561 1166 566 1174 '
636 1169 719 1234 rime
748 1161 1005 1232 nomine‘loouti
1036 1180 1103 1226 esse
1127 1155 1309 1224 rideantur.
1357 1153 1463 1232 Nem,
1498 1147 1573 1220 lieet
1595 1151 1760 1222 fatendum
1791 1155 1855 1234 sit,
1887 1154 2029 1222 Iudaeos
2053 1159 2175 1240 etiam,
2206 1164 2239 1228 in
2272 1164 2321 1229 hit

636 1308 668 1354 ι.
686 1309 717 1356 o.
740 1282 1019 1357 Zerubbabolem,
1042 1277 1211 1366 peregriua
1239 1270 1374 1340 subinde
1396 1273 1524 1339 nomina
1549 1271 1720 1350 babuisse,
1747 1271 1826 1340 baec
1848 1274 1958 1363 potius
1985 1283 2189 1364 cognomina
2209 1281 2319 1348 existi·

635 1416 784 1481 meatur,
811 1402 849 1464 iis
874 1399 995 1466 tributa
1014 1418 1033 1460 a
1055 1392 1217 1484 Regibus,
1251 1411 1390 1483 quorum
1419 1391 1611 1456 auctoritate
1638 1390 1841 1478 splendidum
1866 1393 1983 1462 Munus
2006 1408 2177 1482 gererent,
2193 1399 2264 1466 sire
2286 1401 2321 1466 ia

635 1539 773 1610 quorum
793 1515 877 1583 suta
895 1525 1115 1595 versarentur3
1142 1532 1239 1602 quem
1258 1531 1382 1577 morem
1407 1510 1541 1598 riguisse
1565 1529 1602 1574 er
1620 1507 1702 1576 Bon.
1723 1509 1752 1576 l.
1772 1514 1804 1576 7.
1824 1509 1949 1578 efficere
1968 1517 2150 1600 possumus.
2198 1511 2323 1583 Samos

635 1642 834 1703 ettenorum
857 1633 986 1699 nomine
1006 1631 1209 1722 potissimum
1226 1627 1324 1697 rerba
1338 1627 1451 1694 fecisse
1471 1625 1545 1693 illos
1565 1627 1721 1716 Legatos,
1744 1639 1908 1716 praeterea
1939 1630 2114 1698 verisimile
2134 1641 2183 1698 ost
2209 1653 2246 1699 ex
2266 1634 2324 1703 do·-

637 1758 705 1822 cta's
725 1751 821 1819 Zach-
844 1751 935 1818 vul.
953 1754 998 1815 to
1017 1771 1133 1840 seqq.,
1153 1768 1237 1838 quae
1255 1745 1378 1818 eodem¹
1391 1745 1488 1812 otiam
1509 1757 1656 1835 tempore
1673 1747 1868 1826 enunciata,
1889 1769 1963 1814 cum
1984 1733 2268 1840 praecedentibus,
2291 1761 2326 1819 et

637 1871 802 1962 cap.V11
839 1883 928 1938 asota
957 1867 1143 1936 cohaerent.
1196 1865 1248 1932 Ibi
1275 1861 1460 1953 Propheta,
1502 1862 1741 1930 BetbelensIum
1780 1863 1954 1932 adrentum
1982 1867 2117 1938 tortasse
2149 1870 2323 1957 respiciens

605 2056 609 2062 .
639 1989 776 2062 orationi
788 1988 886 2053 buum
905 1988 1078 2076 imposuit,
1102 1985 1292 2074 promittens
1310 1984 1403 2061 fore,
1427 1994 1464 2047 ut
1488 1981 1632 2062 Gentes,
1658 1997 1702 2048 oo·
1712 1983 1898 2050 multorum
1910 1985 2045 2054 urbium
2063 1989 2200 2054 r'neotoe
2217 1987 2323 2054 odue-

638 2114 765 2186 etant,
788 2116 892 2196 utque
909 2108 981 2172 elit
1001 2106 1095 2171 ata'os
1116 2103 1343 2192 compellant,
1367 2101 1547 2166 diceutes:
1569 2121 1718 2168 >reamur
1735 2147 1744 2180 ,
1767 2109 1807 2165 ιιι
1824 2101 1895 2168 Der·
1905 2110 2068 2193 gretiam
2089 2103 2189 2173 nobs's
2210 2109 2326 2174 eoacti·

640 2227 763 2290 liemare
774 2223 812 2287 t’'
838 2233 873 2291 et
891 2247 913 2288 u
924 2221 976 2288 ed
992 2220 1225 2311 quaerendum
1248 2219 1358 2285 Deum
1379 2217 1611 2285 Beercituum
1631 2221 1708 2308 a'pm
1722 2221 1828 2286 ettam
1843 2220 1961 2288 obeam
1973 2225 2014 2290 1⁹⁹
2034 2229 2100 2294 cet.

651 2401 657 2410 .
686 2341 772 2410 Ilum
785 2363 861 2432 ergo
872 2339 1146 2407 Samaritanorum
1168 2335 1254 2403 baud
1275 2337 1372 2426 pauci
1393 2335 1494 2404 bocco
1513 2357 1588 2402 cum
1608 2336 1743 2404 Judaeis
1760 2339 1976 2422 commercio,
1997 2353 2031 2410 et
2050 2341 2211 2410 interioris
2228 2345 2323 2411 Iami-

640 2461 788 2528 liaritatis
813 2459 968 2537 vinculo,
999 2479 1037 2524 ac
1061 2455 1233 2524 Saesorum
1267 2455 1496 2523 commumone
1525 2472 1598 2519 eum
1628 2452 1742 2522 iisdem
1773 2459 1950 2526 consociati
1974 2473 2090 2539 eraut,
2119 2462 2203 2529 inter
2234 2462 2320 2552 ipsos

640 2580 738 2672 etiam
758 2576 902 2646 Iudaeae
921 2576 1044 2644 incolas
1060 2573 1217 2653 fuerunt,
1238 2573 1297 2663 qui
1316 2571 1486 2638 arctiorem
1510 2591 1584 2639 suae
1606 2571 1807 2641 (lentiscum
1829 2575 1893 2642 illis
1916 2579 2174 2666 conjunctionem
2193 2593 2324 2670 expete·

641 2697 739 2775 bant,
768 2698 846 2785 quio
874 2695 1039 2774 iietiam,
1062 2679 1182 2783 quibus
1198 2703 1346 2783 optatum
1365 2689 1429 2755 fuit
1441 2738 1451 2772 ,
1470 2701 1508 2756 ut
1533 2688 1631 2756 iidem
1655 2689 1703 2756 ad·
1726 2689 1825 2759 Sacra
1840 2693 1971 2782 judaica
1992 2695 2093 2762 libore
2115 2695 2323 2768 admitteren-

643 2827 710 2889 tur.
756 2813 814 2880 Sic
833 2813 1013 2880 sentiebant
1027 2833 1141 2878 omnes
1161 2811 1229 2876 sine
1249 2807 1373 2886 dnbio,
1398 2809 1456 2899 qui
1477 2808 1579 2876 inrito
1597 2807 1775 2898 Nehemji,
1799 2811 1988 2879 Sanballato
2010 2813 2202 2904 obsequium
2223 2839 2322 2906 prae-

644 2932 795 2998 stiterunt
812 2931 862 3018 (1)
875 2953 885 3010 3
900 2951 1014 3036 ‘neque
1035 2929 1078 2994 ab
1099 2925 1151 2994 his
1171 2928 1254 2993 rotis
1273 2927 1370 2996 alieni
1392 2939 1485 3006 erant
1505 2927 1724 3019 Prophetae,
1744 2929 1896 3018 Zacharja
1926 2953 1958 2999 ι.
1984 2953 2038 3008 u..
2061 2946 2098 2997 ut
2119 2955 2156 2999 er
2174 2935 2199 3002 l.
2212 2933 2236 3003 l.
2260 2957 2325 3025 apo

644 3062 754 3141 paret,
772 3061 805 3115 et
821 3061 949 3140 praeter
968 3069 1045 3116 enm
1060 3059 1151 3114 certo
1173 3047 1253 3114 item
1272 3046 1348 3123 alii,
1369 3045 1509 3127 Gentes,
1528 3046 1555 3114 si
1578 3045 1798 3117 bruttiorum
1817 3067 1924 3114 mores
1944 3060 1976 3115 et
1996 3047 2091 3116 Sacra
2104 3066 2319 3131 assumerent,

645 3168 680 3234 in
712 3166 830 3259 Populi
857 3167 1116 3239 nicociensem
1139 3164 1290 3233 lubenter
1315 3163 1523 3232 admittentes
1549 3165 1614 3253 (2).
1662 3167 1792 3234 Praeter
1816 3167 2015 3257 Prophetae
2037 3167 2092 3234 alii
2111 3169 2207 3236 etiam
2231 3170 2324 3249 viri,

645 3288 770 3357 summi
798 3286 992 3353 auctoritate
1019 3297 1053 3354 et
1071 3284 1228 3375 dignitate
1245 3284 1421 3363 florentes,
1450 3284 1728 3353 Samaritanorum
1751 3304 1885 3354 nauum.
1899 3286 1984 3353 inter
2009 3285 2149 3355 Iudaeos
2177 3286 2329 3355 alacriter

645 3404 868 3479 rindicabant.
912 3405 952 3472 Iu
986 3402 1036 3469 bis
1056 3402 1270 3486 Sacerdotes,
1302 3404 1361 3494 qui
1384 3404 1567 3495 peregrim
1590 3400 1752 3471 duxerant
1780 3424 1916 3499 uxores,
1943 3404 2151 3495 omniumque
2170 3404 2329 3473 Sacerdo-

646 3536 716 3593 tum
746 3524 922 3613 Princeps,
963 3522 1219 3611 Etioscttbrte,
1251 3522 1309 3611 qui
1340 3522 1461 3590 Tobiae
1499 3522 1726 3602 immeritae,
1762 3522 1862 3611 ipsius
1886 3527 2164 3609 eoeeaaqaa'neo,
2201 3546 2326 3593 sacrum
2463 3568 2471 3581 ·

644 3642 771 3730 Templi
786 3640 939 3707 conclave
959 3636 1394 3708 habitandum'coneedebat
1412 3636 1488 3724 (3),
1522 3650 1556 3704 et
1582 3638 1675 3725 cujus
1702 3636 1788 3703 filius
1809 3637 1945 3725 tojam
1964 3636 2094 3704 cuidam
2109 3661 2146 3705 ex
2165 3640 2239 3707 liliis
2262 3644 2336 3709 suis'

645 3758 879 3848 permittebat,
903 3769 941 3822 ut
957 3778 1032 3821 cum
1050 3754 1229 3823 Sanbellati
1248 3756 1316 3823 filit
1333 3758 1575 3824 matrimonium
1599 3758 1697 3824 iniret
1719 3756 1782 3843 (t).

691 3874 758 3943 Ilii
786 3886 891 3945 tamen
920 3873 1040 3943 Iudaei
1059 3873 1153 3940 aliter
1175 3891 1305 3963 prorsus
1332 3875 1527 3942 statuebant.
1574 3874 1734 3943 Permulti
1760 3877 1940 3956 intereos,
1970 3877 2026 3967 qui
2055 3877 2087 3944 in
2117 3878 2336 3947 Palaestinam*

644 3992 826 4070 redierant,
853 3990 1064 4061 Sacerdotes
1081 4004 1173 4061 erant
1189 4006 1223 4060 et
1240 3992 1396 4062 levitae.
1430 3994 1512 4081 Quia
1535 3994 1643 4063 liebus
1666 3996 1690 4061 ii
1709 3996 1807 4061 saoria
1826 3994 1904 4063 olim
1927 3996 2044 4063 Intenti
2065 3996 2211 4077 lucrant,
2237 4009 2269 4062 et
2289 4020 2327 4067 ex

644 4110 684 4182 iis
706 4113 827 4180 rictum
839 4108 1041 4190 habuerant,
1063 4132 1175 4177 eorum
1195 4110 1399 4199 potissimum
1427 4132 1495 4179 sors
1521 4112 1555 4177 in
1580 4111 1759 4200 babylonii
1776 4115 1953 4183 miserrima
1975 4114 2102 4192 luerat,
2127 4115 2232 4204 iisque
2250 4138 2327 4205 ergo

502 4256 508 4267 ·
644 4231 766 4299 reditus
785 4233 819 4297 in
838 4230 1001 4307 Patriam,
1041 4251 1079 4298 ac
1106 4226 1205 4297 saon
1231 4240 1408 4297 restaurata
1428 4250 1525 4319 quam
1551 4230 1732 4320 gratissima
1762 4240 1886 4301 erant.
1910 4232 2035 4297 Horum
2059 4230 2157 4319 igitur
2180 4232 2335 4322 plerique·

645 4370 719 4419 cum
732 4349 867 4438 pristini
879 4346 965 4414 lauti
981 4346 1179 4426 conditione,
1198 4350 1392 4437 parietinam
1408 4349 1506 4417 etiam
1517 4354 1765 4418 auctoritatem
1778 4368 1966 4438 recuperare
1979 4348 2165 4417 studebant.
2184 4348 2328 4432 Omnes,

645 4467 704 4559 qai
726 4465 810 4533 banc
830 4464 1063 4555 infringerent,
1085 4463 1456 4536 iliamreimmiuuerent
1467 4514 1477 4547 ,
1501 4465 1577 4535 odio
1594 4466 1767 4561 babentes,
1791 4465 1919 4535 stelias
1939 4467 2056 4537 Gentes
2072 4466 2205 4541 Iudaeis
2223 4468 2329 4538 multo

684 4795 731 4871 (tl
752 4792 819 4854 Iteb.
843 4794 895 4855 vt.
915 4789 1046 4855 10-1t
2089 4832 2109 4839 ..

686 4892 730 4973 (2)
750 4891 796 4951 su
820 4912 918 4973 nempe
938 4884 1128 4959 atatmbetb,
1148 4887 1197 4967 qui
1224 4886 1346 4966 loquitur
1363 4886 1444 4949 zaab.
1464 4888 1542 4953 xlv·
1562 4888 1619 4961 lb,
1638 4896 1666 4948 et
1682 4890 1736 4950 tes
1761 4888 1839 4953 XVI.
1854 4884 1944 4948 1—8.
1970 4883 2059 4949 Portu
2082 4888 2208 4955 Ezechiel
2232 4892 2329 4966 (Coei.

646 5014 706 5071 esp.
730 4989 804 5052 xlv.
819 4990 867 5051 16.
897 4990 975 5051 XII.
993 4986 1022 5047 7.
1047 4980 1166 5047 xum
1181 4982 1242 5061 22,
1266 4982 1341 5062 2³),
1360 4982 1418 5046 alii.
1460 4986 1503 5047 Ile
1520 4989 1673 5052 mitioribus
1694 5008 1758 5067 erge
1779 4987 1941 5067 Peregrinos
1957 4988 2096 5065 cerubin,
2117 4992 2166 5071 qni
2185 4990 2327 5065 insutu,

649 5089 753 5154 Jabreu
771 5090 938 5167 eolentibus,
958 5097 1022 5147 oete
1038 5084 1185 5147 abiurata
1203 5085 1407 5167 captivitatem,
1426 5085 1531 5167 proprii
1547 5095 1641 5155 erant.
1660 5085 1693 5147 ot
1713 5086 1877 5161 Ιιιιιιιιι,
1900 5087 2024 5151 Roseae
2042 5088 2058 5155 I
2068 5134 2076 5165 ,
2095 5088 2194 5170 atto
2214 5104 2288 5167 seqq.

692 5192 737 5268 (3)
757 5191 826 5253 mu
842 5186 926 5252 XIII.
947 5187 985 5260 b,
1002 5186 1032 5246 b·
1105 5223 1111 5235 ·
1567 5185 1611 5265 (b)
1631 5186 1699 5247 Neb.
1720 5182 1801 5245 tut.
1821 5185 1869 5249 28.
