5467 6500
543 954 561 985 '
638 991 675 1036 sc
691 968 852 1059 judicium
876 991 969 1061 saepe
989 966 1065 1038 tulit
1084 990 1292 1061 perversum,
1313 972 1404 1061 'quod
1425 986 1533 1041 tamen
1556 971 1601 1039 alr
1618 992 1765 1063 magnam
1786 992 1827 1040 eo
1846 984 1990 1065 tempore
2012 994 2120 1047 rerum
2148 984 2316 1057 samaritae

640 1110 754 1155 uerum
773 1088 999 1155 obscuritatem
1019 1109 1083 1153 non
1102 1086 1283 1154 mirandum
1303 1100 1362 1154 est.

681 1206 798 1271 Parum
826 1204 909 1269 lucis
928 1204 1088 1271 Historiae
1106 1206 1314 1271 samaritanae
1335 1202 1445 1271 attulit
1464 1202 1614 1273 Jacouus
1636 1204 1826 1272 Bssnsetus
1849 1205 1911 1293 (l).
1961 1204 2226 1295 Diligentissimus
2252 1214 2316 1282 luit

636 1324 672 1392 in
695 1322 791 1389 dictis
807 1344 844 1386 er
862 1321 942 1386 rarii
962 1322 1086 1409 generis
1101 1319 1238 1410 Scriptis
1258 1318 1471 1411 colligendis,
1494 1338 1564 1387 tum
1588 1320 1774 1401 cuiusuis,
1797 1322 1832 1389 J.
1855 1320 1897 1387 11.
1919 1320 2154 1405 floruissent,
2178 1316 2314 1397 lisur-

636 1438 984 1526 nonnullorumque,
1008 1438 1191 1503 tumetium
1214 1458 1252 1504 ex
1273 1438 1452 1505 Bennsnur
1471 1438 1648 1527 excerptis
1669 1436 1719 1525 (2)
1743 1436 2026 1504 οῐΗυιετιηωοιι
2046 1438 2227 1529 Epa'siolis
2247 1447 2316 1531 (3).Ι

638 1555 758 1621 Varum
779 1576 845 1643 quo
864 1554 1050 1643 diligentior
1071 1553 1136 1619 fuit
1158 1554 1192 1621 in
1216 1553 1312 1619 uariis
1336 1556 1415 1620 locis
1436 1575 1472 1619 oc
1494 1554 1682 1621 testimoniis
1704 1551 1937 1641 congerendis,
1962 1576 2000 1621 eo
2021 1554 2180 1625 minorem
2204 1581 2315 1627 euram

635 1672 797 1762 impendit
817 1673 856 1737 iis
874 1683 1021 1736 accurate
1040 1668 1276 1761 perpendendis
1294 1684 1328 1738 et
1348 1670 1443 1737 rebus
1465 1670 1561 1758 gestis
1583 1668 1664 1737 bene
1683 1667 1881 1738 enarrandis.
1913 1669 1969 1737 Sic
1990 1684 2096 1738 eutem
2117 1686 2313 1755 statuentes,

635 1789 779 1877 iniquius
798 1801 905 1854 tamen
933 1810 998 1854 non
1019 1786 1216 1875 judicamus.
1263 1787 1365 1866 Nam,
1391 1786 1514 1851 omissis
1532 1782 1614 1851 duro
1642 1786 1710 1872 ejus
1730 1784 1771 1851 de
1791 1784 1847 1852 ilis
1871 1786 1975 1854 (iente
1992 1786 2143 1874 judicio,
2168 1790 2255 1877 quod
2283 1794 2314 1859 ei

635 1904 890 1993 complosisque
910 1904 980 1990 ejus
1012 1904 1123 1969 aetatis
1148 1902 1289 1970 Eruditis
1305 1925 1475 1970 commune
1493 1914 1560 1983 est,
1584 1912 1618 1969 et
1640 1900 1790 1969 futilibus
1819 1902 1861 1970 de
1884 1902 2103 1971 Pentateucho
2121 1905 2332 1995 disputatio·¹

634 2018 754 2097 nibus,
780 2038 863 2107 quse
883 2038 921 2083 er
934 2016 1131 2107 Disciplinae
1156 2040 1195 2083 eo
1221 2032 1365 2108 tempore
1399 2018 1583 2085 conditione
1610 2019 1688 2085 item
1713 2016 1933 2107 explicentur,
1958 2040 2114 2087 summam
2136 2024 2234 2090 ruodo
2258 2037 2314 2091 et·

634 2134 771 2201 tendatis
789 2134 1039 2223 negligentiam,
1073 2155 1157 2223 quae
1181 2137 1299 2227 passim
1331 2137 1473 2203 occurrit
1486 2183 1497 2216 ,
1529 2136 1563 2201 in
1595 2131 1691 2200 rebus
1713 2134 1906 2216 tractandis3
1938 2135 2179 2227 disquisitiones
2197 2142 2318 2209 deinde

633 2251 742 2316 inanes
764 2248 926 2316 interdum
948 2271 986 2315 ac
1008 2272 1101 2339 saepe
1120 2250 1235 2328 lalsas3
1261 2252 1404 2340 ineptam
1426 2272 1524 2342 porro
1544 2251 1790 2340 repetitionem,
1815 2273 1898 2340 quse
1924 2252 2089 2320 festidium
2111 2268 2221 2334 creat,
2239 2257 2315 2327 elia.

679 2364 882 2433 clariana
905 2386 1014 2432 omnes
1040 2367 1270 2454 sequebantur,
1295 2368 1352 2458 qni
1380 2368 1512 2459 'postea,
1536 2379 1569 2434 et
1590 2365 1773 2435 brevissime
1798 2367 1953 2457 quidem,
1973 2368 2014 2439 de
2041 2368 2316 2439 Samaritanorum

632 2482 775 2551 Historia
798 2483 900 2549 locuti
920 2494 1007 2551 suot.
1051 2482 1089 2553 1n
1110 2483 1159 2551 lsis
1178 2484 1395 2555 Fasnsascus
1419 2486 1652 2555 Uerrucosus
1673 2482 1738 2573 (4).

676 2693 817 2760 Historia
845 2695 942 2784 hujus
965 2697 1101 2785 Populi,
1129 2721 1147 2763 a
1174 2696 1285 2786 paucis
1306 2698 1405 2786 igitur
1432 2694 1529 2765 hodie
1555 2716 1660 2786 usque
1689 2692 1868 2785 explicate,
1891 2694 2073 2785 dignissime
2095 2712 2203 2769 tamen
2234 2714 2310 2783 eet,

635 2830 718 2899 quae
740 2809 854 2875 melios
870 2823 1090 2898 cognoscatur.
1136 2812 1303 2901 Plerisque
1320 2826 1427 2879 tamen
1451 2813 1582 2878 minoris
1603 2812 1638 2878 id
1653 2811 1809 2877 momenti
1825 2812 1927 2875 risum
1945 2825 2016 2891 est,
2041 2815 2117 2901 quia
2131 2818 2197 2883 sire
2219 2818 2315 2885 Gan-

637 2939 704 2992 tem
723 2927 748 2991 ii
768 2926 835 2993 lare
853 2927 1067 3015 ignorabant,
1093 2930 1181 3008 sira,
1206 2930 1233 2995 ai
1253 2926 1396 3017 ejusdem
1419 2927 1485 2995 leta
1507 2928 1653 2994 universe
1674 2926 1850 3005 novissent,
1869 2923 1910 2991 de
1934 2926 2037 2995 (lente
2056 2929 2166 3017 inique
2179 2930 2312 3017 judiee-

633 3041 724 3109 hant.
772 3042 1005 3112 Auctoritatem
1027 3046 1148 3114 scilicet
1173 3048 1275 3113 secuti
1295 3044 1530 3123 Judaeosasm,
1554 3044 1671 3134 quibus
1691 3043 1830 3109 acriores
1844 3039 1952 3109 hostes
1969 3042 2159 3111 Samaritani
2179 3044 2311 3115 habue-

630 3172 709 3225 runt
724 3159 830 3228 nullas
844 3210 853 3241 ,
867 3185 938 3229 eam
950 3165 1087 3231 Gentem
1107 3164 1203 3229 multi
1220 3164 1281 3228 sibi
1293 3162 1455 3252 fingebant
1475 3182 1537 3227 non
1556 3160 1653 3227 modo
1664 3164 1842 3226 unsioruns
1854 3159 2311 3249 popularumcollasas'ccem,

631 3277 685 3344 sed
708 3280 798 3344 hane
819 3300 857 3345 er
878 3283 1056 3347 uilissima
1078 3302 1188 3347 sorum
1210 3279 1307 3368 pleds
1329 3279 1560 3368 compositam,
1583 3289 1710 3367 gentem
1732 3299 1809 3366 ergo
1834 3276 1992 3364 abjectam
2022 3280 2173 3367 omnique
2195 3282 2310 3369 primi-

629 3395 721 3483 genio
739 3394 924 3462 charactere
943 3408 1105 3462 meantem
1119 3443 1134 3476 ,¹
1152 3397 1186 3460 in
1217 3393 1310 3459 cultu
1331 3392 1516 3482 recipiendo
1547 3393 1756 3458 lluctusutem
1780 3403 1963 3479 perpetuo,
1987 3395 2020 3458 in
2041 3415 2144 3482 ecque
2163 3395 2315 3485 eligendo

629 3511 733 3577 solum
754 3513 881 3575 lucrum
900 3534 937 3576 ac
958 3514 1081 3600 privata
1101 3510 1268 3574 commoda
1285 3521 1493 3596 spectantem.
1535 3508 1725 3573 Samaritani
1742 3507 1841 3593 igitur
1862 3505 1905 3570 ab
1921 3508 1962 3574 iis
1982 3508 2171 3576 Haeretici
2184 3533 2313 3580 nuncu·

557 3619 561 3627 ¹
628 3627 809 3716 pabantur,
834 3628 892 3715 qni
912 3647 930 3690 a
952 3625 1085 3693 ,ludaeis
1113 3626 1220 3692 omnia
1242 3622 1382 3689 mutuati
1404 3633 1529 3702 essent,
1552 3623 1675 3711 quique
1700 3622 1769 3688 solo
1795 3621 1864 3688 iere
1884 3621 1959 3688 odio
1985 3623 2163 3694 inveterato
2185 3642 2312 3696 tantum

630 3743 671 3808 ab
698 3742 749 3808 his
777 3753 880 3808 essent
906 3741 1046 3821 diuersi}
1082 3741 1198 3832 quibus
1221 3743 1309 3806 cuim
1332 3737 1416 3805 nihil
1438 3739 1522 3828 priri
1546 3750 1629 3804 esset
1648 3749 1776 3828 praeter
1798 3737 1921 3806 Lucum
1941 3761 2066 3806 sacrum
2092 3754 2125 3808 et
2155 3741 2309 3818 (iadicem

628 3859 738 3925 dediti
757 3862 853 3949 operi
870 3872 1082 3948 corruptum,
1105 3871 1138 3926 st
1158 3879 1296 3947 qaorum
1317 3855 1456 3926 londes
1476 3875 1518 3922 ne
1535 3853 1622 3922 lectu
1643 3854 1773 3946 quidem
1791 3853 1880 3946 digni
1909 3857 2034 3938 esseut',
2059 3859 2167 3927 inutili
2188 3863 2313 3952 quippe

626 3977 835 4042 minutiarum
858 3975 1104 4064 fabularumque
1119 3975 1276 4064 farragine
1296 3974 1434 4042 onerati.

672 4092 761 4158 llaec
779 4105 813 4158 et
835 4091 862 4157 si
882 4113 956 4157 rara
974 4105 1081 4188 essent
1092 4139 1102 4170 ,
1116 4092 1220 4157 omnis
1238 4101 1345 4156 temen
1365 4091 1415 4156 rel
1435 4088 1475 4158 de
1487 4087 1690 4157 istiusmodi
1708 4087 1831 4180 populo
1851 4088 2033 4180 disquisitio
2052 4093 2185 4162 minime
2208 4095 2310 4161 omit·

628 4207 738 4274 tenda.
786 4209 819 4276 ls
834 4210 946 4288 enim,
969 4209 997 4275 si
1020 4220 1053 4275 et
1074 4209 1121 4274 sic
1134 4208 1175 4275 ds
1197 4229 1235 4273 co
1249 4205 1438 4294 judicetur,
1463 4228 1555 4272 suum
1576 4207 1673 4273 etiam
1693 4206 1800 4273 locum
1814 4207 1848 4272 in
1870 4207 2010 4274 ilistorid
2031 4208 2181 4277 Gentium
2205 4223 2306 4280 tenet.

627 4325 798 4414 Multoque
813 4325 921 4389 minus
942 4325 988 4391 ita
1006 4325 1154 4412 judicare
1183 4324 1275 4391 nobis
1294 4324 1393 4404 licet,
1417 4324 1491 4414 quie
1521 4335 1646 4390 constat
1658 4371 1667 4404 ,
1692 4321 1777 4390 dicta
1806 4321 1885 4402 illa,
1911 4323 1938 4388 si
1962 4322 2040 4414 quid
2066 4327 2133 4394 reri
2150 4327 2189 4393 iis
2207 4327 2308 4405 insit,

671 4566 714 4643 (1)
736 4565 770 4625 ln
792 4567 894 4645 Opere,
912 4581 968 4644 quc
984 4559 1333 4638 Indaeorumffisloriam,
1354 4559 1481 4624 allevia
1496 4561 1613 4643 Iosepho
1634 4563 1833 4642 conscriptam,
1857 4561 2041 4622 continuarit:
2063 4561 2215 4623 Histoire
2235 4573 2261 4622 et
2278 4563 2309 4624 Io

627 4667 770 4746 Religion
779 4667 827 4726 des
847 4665 952 4740 Jsiss,
971 4663 1012 4725 lv
1029 4663 1100 4726 volt.
1120 4663 1245 4725 Rctlerd.
1268 4659 1356 4722 1707.
1404 4663 1448 4724 iix
1467 4661 1508 4722 ed.
1526 4663 1559 4722 2·
1579 4663 1660 4741 liujus
1679 4662 1774 4741 Operis
1796 4661 1898 4743 (flagae
1917 4662 2055 4721 Comitum
2076 4660 2164 4742 1716)
2183 4663 2250 4723 lacla
2267 4670 2308 4724 ast

628 4767 724 4828 Verrio
742 4767 918 4827 Neerlandica
936 4766 1020 4844 (conf.
1036 4763 1103 4825 lsaee
1115 4763 1211 4825 Versic
1231 4763 1262 4837 1,
1284 4783 1310 4843 p.
1323 4762 1401 4836 253,
1420 4761 1491 4838 258)
1509 4761 1606 4822 titulo:
1630 4761 1753 4842 Vervolg
1770 4783 1804 4842 ep
1819 4763 1940 4822 Manius
1958 4761 2116 4840 Josepius,
2136 4761 2167 4826 11
2176 4763 2243 4827 lull.
2260 4763 2306 4826 iol.

628 4867 715 4930 Amet.
732 4864 828 4940 1726,
849 4867 897 4927 ubi
912 4865 984 4926 libro
999 4864 1117 4928 seeundo
1132 4865 1167 4937 (i.
1187 4887 1213 4944 p.
1229 4863 1286 4925 185
1294 4869 1382 4946 seqq.)
1401 4864 1507 4944 copiosa
1522 4861 1556 4924 de
1572 4862 1746 4925 &marianis
1763 4864 1906 4946 disputalio
1923 4863 2087 4928 continetur.

669 4966 713 5047 )2)
733 4965 768 5027 In
786 4969 872 5028 Actis
887 4967 1074 5026 Eruditorssss
1095 4964 1292 5046 lipsiensibus
1312 4966 1377 5027 enni
1394 4963 1489 5039 1691,
1507 4983 1536 5045 p.
1555 4961 1611 5024 167
1628 4983 1703 5044 seqq.

669 5069 713 5145 (3)
729 5068 921 5129 Hmrscrcnr
939 5067 1086 5148 Epistulae
1106 5068 1194 5129 lond.
1215 5065 1300 5128 1701
1321 5065 1365 5133 80.
1731 5065 1735 5076 ’

670 5169 714 5247 lh)
733 5167 931 5230 Iastitsdom
949 5167 1062 5250 linguas
1082 5168 1289 5245 emarcum,
1310 5165 1384 5248 Lips.
1406 5159 1500 5242 1837,
1519 5159 1561 5226 8⁰.
1581 5181 1650 5245 prr
1663 5183 1739 5248 seqq.
1853 5181 1856 5192 ’
