5467 6500
1287 821 1622 894 *Μ-

626 1015 820 1099 potentii).
866 1008 947 1076 Cum
969 1009 1115 1080 luerem
1132 1014 1315 1079 narratione
1336 1015 1506 1081 maximam
1530 1023 1653 1100 purtem
1680 1031 1715 1076 ea
1741 1013 1958 1092 conveniunt,
1982 1033 2064 1102 quae
2083 1010 2123 1077 de
2148 1009 2323 1080 Alexandri

626 1133 669 1196 iu
701 1127 913 1195 Palaestinam
930 1128 1068 1196 adventu
1088 1133 1122 1198 in
1146 1130 1249 1198 tetra·
1271 1133 1406 1199 laeuae
1424 1153 1495 1216 cap.
1520 1129 1623 1196 XLVI
1645 1131 1807 1200 lex-untur.
1853 1130 1953 1210 llaec,
1975 1125 2148 1198 ex'erldem
2168 1131 2321 1198 traditio·

633 1271 698 1326 ne,
727 1270 822 1336 quam
842 1247 1014 1314 tosrrnas
1036 1261 1163 1314 seeutue
1183 1262 1250 1329 eet,
1274 1251 1338 1314 aire
1357 1271 1394 1313 ex
1414 1247 1613 1314 ludaeorum
1637 1247 1796 1336 Scriptis,
1826 1249 1959 1316 fortasse
1986 1271 2023 1314 er
2045 1249 2153 1340 {ipsius
2176 1250 2329 1321 dosera.

634 1367 816 1433 Annalibus
844 1365 999 1443 oriunda,
1033 1369 1077 1431 ita
1100 1379 1206 1432 tamen
1225 1378 1409 1455 comparata
1440 1379 1536 1445 sunt,
1569 1380 1604 1432 nt
1636 1388 1719 1455 qnae
1743 1391 1761 1433 u
1788 1368 1943 1436 Josdrtto
1970 1365 2143 1446 Iudaeae,
2169 1370 2201 1434 in
2225 1369 2327 1435 Libro
2360 1433 2363 1438 .

625 1483 753 1549 -Joauae
778 1482 1020 1548 Saman'tanr'a
1048 1483 1246 1570 tribuantur.
1296 1483 1460 1551 Nonnulla
1484 1496 1637 1562 tantum,
1660 1484 1748 1551 diota
1771 1507 1844 1555 mo.
1870 1487 1913 1552 de
1941 1467 2107 1552 Danidlr'a
2128 1491 2323 1564 votim'm‘o,

637 1602 911 1668 Samaritanorum
930 1600 1059 1687 placitis
1086 1603 1208 1691 quippo
1225 1604 1380 1681 adverae,
1404 1603 1450 1668 ibi
1475 1603 1683 1672 omittuntur.
1730 1601 1843 1692 Neque
1865 1605 1960 1668 etiarn
1984 1601 2083 1691 (qnod
2106 1600 2227 1682 ibidem
2244 1625 2322 1670 nar·

636 1723 739 1801 ratur)
763 1717 935 1784 verisimile
958 1733 1022 1798 eet,
1045 1719 1263 1787 Alexandrum
1294 1743 1332 1786 eo
1362 1733 1507 1810 tempore
1534 1720 1728 1804 Sr'ehemum
1751 1721 1909 1810 patiriaae.
1958 1722 2043 1788 Geni
2065 1721 2221 1788 nimirum
2248 1720 2329 1788 Hie·

574 1899 577 1902 ,
630 1836 796 1923 rosolyma
827 1836 1013 1924 protectur,
1051 1840 1098 1904 rii
1121 1839 1284 1904 ineeeeieae
1310 1836 1459 1915 ridetur,
1491 1859 1572 1928 quae
1596 1831 1782 1906 Sioltemum
1812 1861 1877 1904 non
1907 1837 2050 1906 duceret.
2100 1837 2202 1929 quue
2224 1839 2326 1906 dosa·

629 1974 698 2022 .rnr
732 1955 826 2021 dieta.
858 1955 1068 2035 confirment,
1092 1957 1261 2030 referentia
1284 1959 1361 2044 (2),
1384 1956 1597 2024 Sichemr'tae
1627 1959 1752 2046 Begem
1772 1957 1910 2024 adiisse
1934 1956 2031 2024 haud
2050 1961 2178 2046 praeut
2194 1957 2328 2042 Hiero·
2396 1993 2397 1998 κ

625 2074 790 2160 ,solymae
836 2073 904 2140 Hae
925 2085 1033 2140 nutem
1056 2074 1136 2141 urbe
1153 2075 1291 2154 relicti,
1316 2076 1498 2154 Alexander
1515 2078 1546 2142 in
1573 2079 1757 2166 Aegyptum
1779 2079 1950 2144 confestim
1975 2078 2138 2167 perrexit,
2166 2100 2231 2144 non
2264 2078 2327 2144 ob·

628 2213 768 2279 sequena
797 2191 876 2256 rotie
908 2190 1206 2272 Samaritanorum,
1234 2195 1312 2281 qui,
1340 2207 1428 2262 teate
1459 2197 1637 2274 Josarno,
1673 2195 1713 2263 ab
1738 2219 1775 2262 eo
1802 2197 2006 2286 petivissent,
2031 2209 2068 2264 nt
2091 2197 2208 2262 tributi
2233 2196 2328 2262 Anno

637 2309 823 2376 rabbatbioo
854 2311 1092 2395 immunitatem
1116 2313 1193 2400 ipaie
1220 2315 1341 2400 pariter
1377 2326 1473 2402 atqua
1504 2315 1637 2381 ludaeis
1675 2312 1856 2404 largiretur.
1907 2313 2031 2400 Quibus
2057 2313 2122 2382 Rex
2146 2313 2328 2406 respondis·

512 2463 516 2470 ·
642 2442 709 2510 set,
739 2451 771 2495 ra
797 2429 917 2515 jamin
944 2429 1129 2518 Aegyptum
1155 2453 1313 2520 pergere,
1343 2444 1465 2523 etpost
1487 2432 1627 2499 raditum
1651 2433 1692 2504 de
1720 2434 1758 2497 iis
1776 2447 1922 2500 acturum
1946 2420 2011 2498 esse
2032 2433 2094 2516 (3).

604 2593 609 2600 ·
680 2547 728 2612 lle
752 2547 937 2634 beneficiio
957 2559 1063 2614 tamen
1075 2596 1084 2628 ,
1105 2548 1149 2614 ab
1168 2531 1373 2618 Alexandro
1394 2557 1432 2618 r'n
1452 2552 1701 2620 Samaritanae
1718 2553 1884 2630 collatio,
1916 2553 1949 2616 in
1978 2571 2016 2616 eo
2039 2549 2199 2618 Chronico
2230 2531 2327 2617 etiam

629 2689 740 2732 -eermo
764 2666 812 2733 bt.
862 2663 1031 2754 Pririlegia
1051 2659 1140 2733 cortu
1170 2667 1396 2759 intelliguntur
1416 2668 1550 2751 eadem,
1571 2691 1653 2760 quae
1671 2672 1844 2746 tosardus
1868 2670 1917 2754 (t)
1936 2669 1957 2736 J
1963 2668 2070 2734 udaeis
2093 2653 2240 2734 oonoosea
2254 2689 2328 2764 *eree

637 2797 794 2862 tentatur,
819 2795 857 2848 ut
869 2804 983 2872 nempe
994 2789 1075 2850 onie
1099 2790 1175 2874 a'pei
1192 2787 1326 2873 legibue
1348 2790 1542 2876 ra'ta'dueque
1555 2790 1855 2856 lidereutereutur
1871 2787 2006 2875 ubique,
2028 2797 2060 2850 et
2081 2787 2326 2876 quoquednno

638 2872 841 2968 sabbatium
862 2903 974 2964 omnia
992 2898 1121 2976 tributi
1140 2905 1305 2966 immunes
1328 2913 1452 2972 eareat.
1476 2904 1720 2972 Samaritanae
1747 2903 1826 2968 haee
1847 2906 1941 2969 etiarn
1961 2905 2112 2990 permissa
2130 2925 2217 2980 ease,
2241 2903 2327 2968 idem

634 3044 699 3089 non
714 3017 878 3110 perhibet.
908 3013 1207 3099 Samaritanorum,
1232 3034 1270 3087 ut
1290 3020 1428 3088 ridimne
1442 3071 1451 3100 ,
1466 3025 1696 3112 petitionem,
1714 3003 1829 3110 dequi
1849 3021 2006 3109 Rex-pont
2032 3018 2171 3088 reditum
2193 3021 2326 3086 mauda-

636 3153 726 3206 turns
748 3149 847 3215 esset,
862 3145 995 3203 tantum
1015 3147 1185 3230 memorat.
1208 3169 1250 3184 -
1278 3140 1366 3227 Quae
1385 3140 1412 3208 ai
1432 3163 1507 3208 rere
1523 3142 1607 3222 rint,
1626 3139 1783 3206 credibile
1807 3151 1872 3218 eet,
1888 3138 2324 3228 eor·eorumpririlegiorum

641 3268 764 3349 poetro
782 3249 957 3347 participer
985 3252 1129 3320 redditor
1154 3276 1233 3323 eeea.
1281 3259 1496 3327 Alexandrum
1528 3260 1653 3327 scilieet
1677 3260 1700 3325 ii
1731 3260 1762 3325 in
1788 3258 1865 3349 Tyri
1896 3259 2063 3346 Gaaaequo
2092 3262 2329 3349 expugnatione

535 3452 542 3459 ⁶
633 3380 806 3467 jurerant;
843 3386 877 3442 et
900 3371 959 3441 'aie
990 3372 1104 3462 quenti
1137 3373 1223 3462 ipeoa
1254 3375 1395 3455 iaceret,
1433 3378 1594 3458 ostendit,
1625 3379 1698 3467 quia
1732 3378 1840 3467 copias
1872 3375 2049 3443 Sanballati
2077 3377 2109 3442 in
2145 3377 2326 3466 Aegyptum

643 3520 756 3565 aecum
789 3494 903 3572 duxit,
930 3513 967 3559 eo
988 3489 1198 3559 'Thebaidem
1231 3516 1289 3562 ruo
1319 3496 1450 3565 nomine
1476 3496 1626 3564 tuendam
1656 3496 1768 3563 iisdem
1793 3498 1974 3561 commisit!
2023 3497 2199 3562 Errantem
2224 3498 2327 3585 priri-

638 3615 720 3704 legia
749 3612 960 3681 Samaritenit
994 3626 1063 3677 1¹01!
1092 3612 1274 3683 conferrem
1310 3638 1460 3684 conuersa
1484 3639 1573 3692 esse,
1604 3636 1667 3681 non
1702 3615 1866 3679 miramur.
1918 3614 2003 3680 llaec
2031 3615 2187 3683 nimirum
2215 3616 2238 3681 ii
2266 3614 2325 3681 de·

637 3756 725 3797 enirm
756 3732 962 3819 petiverunt,
998 3747 1098 3815 quum
1127 3747 1342 3817 cognorerunt
1375 3732 1507 3800 Judaeie
1524 3734 1606 3821 ipsa
1636 3732 1786 3819 permissa
1823 3754 1917 3805 esee.
1956 3732 2093 3821 ideoque
2126 3746 2198 3821 post
2229 3755 2326 3823 quarn

638 3854 705 3917 ltex
723 3846 937 3935 Judaeos‘do
955 3842 1161 3911 samaritanis
1186 3846 1327 3918 dieentes
1360 3852 1526 3919 audiverat
1545 3875 1553 3933 ;
1578 3873 1713 3941 quornm
1736 3851 1830 3916 rerba
1856 3854 1958 3939 ipsum
1981 3854 2156 3931 mutarint,
2186 3855 2282 3923 etiam
2300 3856 2326 3931 si

634 3971 656 4035 J
661 3970 839 4037 udaeorum
861 3965 997 4055 gratiam
1018 3985 1084 4031 non
1107 3966 1254 4037 affectare
1275 3971 1436 4052 voluerit,
1463 3986 1498 4037 ut
1521 3990 1727 4061 responsum,
1758 3971 1791 4035 in
1810 3970 1898 4037 aliud
1919 3984 2044 4061 tempus
2067 3971 2219 4041 differret.
2267 3971 2327 4037 Sa·

633 4150 913 4172 m

650 4288 655 4294 '
677 4280 720 4354 (1)
743 4276 803 4335 Vid.
822 4294 877 4335 rar
889 4295 944 4335 ner
964 4274 1044 4336 l’axrr
1060 4270 1159 4355 Bibe!
1168 4299 1234 4340 oeor
1249 4280 1282 4340 de
1298 4282 1398 4365 Jeugd
1409 4284 1442 4369 Τ..
1455 4284 1553 4357 XVII,
1569 4306 1597 4365 p.
1613 4283 1651 4343 27
1670 4305 1727 4363 seq.
1852 4284 1893 4359 (2)
1916 4280 1997 4338 Aatt.
2019 4276 2068 4335 xl.
2085 4276 2113 4337 8.
2132 4278 2159 4337 6.

679 4377 722 4450 (3)
743 4376 819 4435 Fieri
834 4378 935 4453 puteat,
957 4375 988 4435 nl
1009 4374 1174 4450 Alexander,
1196 4398 1229 4440 ex
1247 4382 1369 4463 Aegypto
1386 4384 1490 4463 Tyrum
1504 4384 1608 4457 redux,
1632 4384 1679 4445 ubi
1696 4393 1832 4445 terrarum
1852 4378 2033 4455 subjectarum
2060 4376 2322 4469 administrationem

631 4474 828 4538 vmoderabatur
845 4472 984 4560 (mmm
997 4472 1142 4551 t.tp.217
1156 4481 1243 4558 αφ),
1262 4500 1306 4542 ree
1318 4484 1553 4547 Samaritanorum
1563 4482 1834 4569 quoqaeattenterit
1877 4476 1918 4535 Ad
1932 4476 2113 4537 Samaritanoe
2130 4496 2191 4561 eum
2203 4486 2322 4553 virtuose,

637 4577 728 4656 graeei
742 4574 892 4653 Scriptores
907 4571 1014 4633 obortis
1036 4573 1126 4635 rerlrie
1143 4597 1199 4640 noa
1214 4582 1375 4660 eignifieam
1419 4586 1498 4664 Quod
1515 4587 1537 4647 ri
1555 4586 1666 4653 feeerit,
1696 4581 1724 4644 it
1742 4577 1866 4639 aeoidiaee
1884 4574 2057 4639 statuendum
2079 4583 2117 4637 eet
2136 4578 2255 4639 durante
2272 4583 2325 4639 ob-

633 4678 742 4738 eidione
761 4673 827 4751 Tyri
845 4672 887 4732 rel
908 4673 1003 4732 Gazae.
1037 4674 1141 4750 Tyrum
1163 4699 1215 4741 ua.
1232 4682 1365 4758 obsidens,
1384 4684 1578 4764 expeditionem
1592 4680 1706 4757 eusoepit
1720 4678 1749 4739 in
1770 4676 1927 4749 Libanum,
1946 4694 2028 4757 quem
2042 4682 2158 4737 tractum
2178 4686 2328 4757 respexerit

633 4778 762 4837 cornus
780 4774 839 4851 (Π.
860 4773 889 4833 3.
911 4773 924 4830 l
939 4816 947 4844 ,
964 4780 989 4833 et
1007 4772 1057 4851 7),
1078 4776 1111 4836 de
1122 4779 1235 4841 Arabio
1247 4782 1359 4864 loquens
1379 4786 1443 4865 (rid.
1457 4787 1584 4851 Dnonnr
1599 4802 1624 4860 p.
1634 4779 1690 4839 187
1709 4782 1787 4859 aeg).
1829 4778 1870 4838 Ex
1888 4778 2007 4856 Aegypto
2023 4776 2096 4835 euim
2107 4776 2211 4853 Tyrum
2228 4800 2321 4843 rerer·

640 4889 718 4949 tens,
738 4870 889 4936 Alexander
905 4873 956 4934 hae
969 4876 999 4935 in
1018 4876 1087 4936 urbe
1107 4879 1214 4941 ridetur
1227 4887 1380 4959 memisse,
1403 4893 1430 4945 et
1450 4886 1514 4945 hino
1525 4904 1581 4962 per
1598 4878 1693 4940 uellem
1715 4876 1960 4946 attrebatensem,
1984 4874 2060 4935 nulli
2079 4878 2159 4936 mort
2178 4881 2323 4959 interposi·

634 4980 692 5047 tt,
714 4976 1034 5056 Tbapeaeumtetendiete
1050 4978 1230 5060 (Daorsenp.
1251 4980 1334 5060 218).
1382 4985 1415 5045 la
1437 4989 1468 5045 et
1483 4984 1550 5044 ralla
1568 4990 1654 5044 castra
1672 4988 1833 5053 metantem,
1861 4980 1916 5039 sire
1937 4976 2002 5057 Tyri
2022 4976 2181 5061 degentem,
2201 4982 2322 5046 Samari-

635 5081 698 5141 tani
717 5078 820 5160 Regem
836 5076 910 5138 adire
925 5085 1082 5157 potnerunt.
1596 5088 1608 5097 ’
2214 5062 2226 5078 ”
2251 5084 2255 5094 ’

684 5182 727 5261 (A)
748 5183 831 5241 Aut.
855 5180 905 5242 xl.
924 5179 952 5241 8.
969 5182 1006 5243 5.
1026 5178 1088 5242 ooll.
1105 5189 1191 5243 contr.
1212 5184 1320 5263 Apta.
1338 5174 1383 5245 ll.
1402 5184 1430 5245 A.
