5467 6500
1084 819 1400 896 ..125-

396 1041 461 1122 qno
486 1001 574 1095 lnirc'
587 1013 620 1092 io
645 1005 719 1091 enm
747 1019 880 1090 cultum
903 1015 1110 1094 lerebantnr3
1137 1027 1206 1080 tum
1226 1011 1450 1090 ludaeorum,
1479 1024 1512 1078 at
1531 1025 1644 1103 postea
1664 1013 1864 1097 Gentilium,
1885 1017 1951 1087 sive
1969 1019 2071 1110 Paga.

325 1227 329 1234 ¹
395 1147 510 1215 norum
533 1144 673 1221 amilio,
702 1159 766 1230 qno
788 1139 1001 1214 fmebtntur,
1026 1134 1146 1225 qnippe
1164 1130 1223 1219 qui
1241 1127 1353 1197 eodem
1373 1149 1429 1196 aua
1451 1128 1549 1202 Sacru
1575 1133 1686 1202 tuendi
1706 1134 1813 1202 studio
1840 1136 1951 1218 ducti,
1971 1159 2070 1208 unam

395 1275 521 1332 causatu
537 1285 611 1330 enm
630 1257 837 1329 samaritanis
854 1253 1082 1323 defendebant.
1410 1343 1412 1350 Α

404 1409 409 1417 ·
439 1381 581 1461 Causae,
605 1400 688 1469 qnae
707 1376 866 1446 effecerint
877 1423 889 1457 ,
905 1388 941 1442 ut
954 1368 1145 1441 Samaritani
1163 1367 1285 1455 majore
1305 1387 1402 1456 qnam
1413 1381 1506 1435 antaa
1515 1389 1625 1435 amore
1636 1368 1675 1434 iis
1686 1371 1925 1459 temporibusin
1936 1371 2080 1445 culeum,

393 1473 569 1569 mosaicum
598 1499 781 1576 ferrentur,
811 1495 1038 1586 obviae-aunt.
1085 1487 1221 1576 Vipente
1245 1484 1306 1553 snb
1322 1484 1584 1554 Maccahaeorum
1610 1487 1752 1577 Imperio
1783 1490 2071 1560 ludaeorumstu-

382 1611 446 1696 ¹diu
465 1616 617 1686 Gentium
645 1613 740 1681 Socra
761 1606 975 1702 exstirpandi,
1006 1606 1202 1693 cultumque
1222 1604 1392 1692 judalcum
1411 1604 1633 1695 propagandi,
1655 1606 1749 1676 multi
1767 1609 1864 1678 etiam
1892 1607 2071 1676 samaria..

391 1739 506 1804 riorum
521 1731 546 1813 ,'
562 1731 713 1800 Gentium
740 1729 847 1798 Sacris
872 1726 952 1804 olim
984 1723 1125 1804 addicti,
1159 1722 1384 1810 samaritanum
1410 1721 1543 1790 Jsbvea‘
1567 1721 1698 1792 cotton
1729 1727 1887 1816 recepisse
1905 1726 2072 1800 videntur.

390 1846 453 1920 iste
478 1851 587 1918 fervor
613 1849 833 1924 ludaeorum,
863 1863 901 1911 ae
927 1854 1081 1939 perpetua
1112 1841 1312 1932 temporibus
1333 1864 1405 1908 mos
1422 1842 1631 1931 sequentibus
1653 1845 1841 1911 'animorum
1870 1848 2069 1926 concitatio,

391 1973 506 2036 r‘tuvam
536 1969 614 2034 item
636 1965 720 2032 inter
750 1963 991 2040 Samaritanus,
1022 1960 1149 2029 Jabven
1179 1960 1371 2038 adorantes,
1400 1963 1498 2026 ritum
1515 1963 1722 2041 'amiternum
1743 1965 1778 2030 in
1807 1965 1918 2032 litibus
1941 1965 2070 2060 conspi-

391 2108 502 2163 cuam,
528 2096 631 2151 aetate
650 2083 777 2149 circiter
795 2080 879 2151 ,1.0.
901 2081 934 2146 in
945 2077 1061 2145 mediis
1083 2079 1121 2145 iis
1138 2100 1272 2169 qnoque
1292 2080 1433 2168 agitatis.
1481 2079 1576 2146 llunc
1592 2081 1659 2166 jann
1673 2081 1903 2150 iollamrnatnm
1924 2082 2070 2174 ttettgto.

392 2201 440 2270 nis
458 2199 603 2268 ardorem
624 2179 831 2267 nutriverunt
850 2198 1001 2287 temporis
1021 2197 1297 2287 opportunitates,
1321 2217 1359 2260 ac
1375 2197 1574 2284 potissimum
1598 2199 1711 2276 venia,
1733 2221 1827 2288 quam
1858 2201 2001 2268 Herodes
2019 2225 2066 2274 tu.

389 2319 596 2388 Samaritanis
617 2317 726 2399 dedit,
745 2315 928 2405 synogogas
951 2317 984 2381 in
1004 2315 1149 2384 Urbibus
1173 2314 1404 2381 celebrioribus
1424 2335 1460 2381 au
1488 2319 1668 2386 mercaturi
1689 2318 1878 2385 durantibus
1897 2320 2069 2394 condendi.

388 2436 444 2506 Sic
471 2436 556 2504 enirn
586 2458 638 2503 res
666 2456 753 2502 saera
784 2456 895 2501 eornm
925 2436 960 2501 in
984 2433 1063 2500 locis
1091 2431 1257 2499 nonnullis
1280 2430 1409 2499 condita
1428 2442 1462 2499 et
1490 2432 1614 2500 firmata
1635 2448 1700 2513 est,
1724 2437 1780 2502 ubi
1804 2437 1912 2506 aditus
1933 2441 1962 2506 ei
1995 2453 2070 2508 anta

389 2555 572 2646 praeclusus
603 2553 728 2633 iuerat,
761 2563 794 2618 at
814 2565 978 2643 praeterea
999 2550 1151 2639 temporis
1169 2548 1305 2616 decursu
1326 2548 1374 2613 ibi
1396 2571 1431 2613 ea
1452 2562 1484 2615 et
1507 2551 1585 2615 alibi
1606 2553 1686 2618 vires
1713 2556 1812 2646 cepit.
1856 2556 1899 2622 lis
1916 2558 2068 2626 nimirum

389 2675 422 2740 in
444 2672 520 2742 locis
540 2672 635 2738 unius
646 2670 853 2758 ejusdemque
863 2691 938 2735 cnm
947 2669 1079 2736 taureis
1092 2667 1238 2735 Civitatis
1246 2667 1475 2732 communione
1493 2666 1543 2734 illi
1560 2668 1766 2752 fruebantur,
1790 2695 1871 2761 quae
1892 2673 2069 2742 Samarita-

388 2811 505 2893 norum
526 2789 773 2856 aemulationem
794 2767 1041 2876 provocaverit,
1067 2799 1104 2852 nt
1123 2785 1320 2860 Judaeorum
1347 2785 1493 2874 exemplo
1524 2809 1611 2855 suam
1632 2790 1830 2880 Religionem
1850 2795 1970 2882 pariter
1987 2817 2068 2884 pro·

386 2899 553 2998 paparent.
600 2907 671 2992 Quo
705 2903 812 2972 studio
835 2892 915 2996 quin
944 2901 1136 2969 Samaritani
1162 2903 1258 2968 etiarn
1282 2902 1468 2981 terrentur,
1494 2923 1591 2971 nemo
1618 2927 1696 2973 sane
1711 2908 1861 2990 dubitet,
1881 2911 1944 3000 qni
1958 2933 2068 3000 graves

389 3027 526 3116 cogitet,
550 3037 616 3092 tum
634 3021 750 3090 burum
774 3041 849 3088 cnm
871 3020 1002 3091 ludaeis
1023 3024 1058 3086 dt
1088 3020 1169 3086 alibi
1191 3023 1224 3085 dt
1253 3041 1329 3084 vero
1353 3018 1523 3086 Caesareae
1544 3025 1785 3102 contentiones,
1807 3040 1875 3091 turn
1893 3032 1991 3096 otiam
2011 3053 2073 3116 eoa

387 3143 533 3208 rumdem
554 3162 628 3206 curn
640 3139 771 3206 Judaeis
788 3140 996 3214 societatem,
1018 3157 1139 3224 qnam,
1160 3136 1296 3223 sepositi
1316 3135 1552 3215 aemulatione,
1578 3138 1617 3203 ad
1639 3139 1800 3207 Romanos
1817 3142 1983 3233 pellendos
2003 3150 2066 3214 alis

389 3260 518 3351 qnando
537 3259 709 3326 iniverunt.
757 3256 804 3324 tto
824 3268 930 3323 autom
947 3256 1053 3322 studio
1071 3268 1181 3349 posteo
1202 3276 1331 3343 qnoque
1346 3254 1593 3325 imbutosluisse
1610 3258 1843 3343 Samaritanus,
1864 3287 1901 3333 ex
1924 3227 2091 3355 legibus·

387 3381 555 3456 norimus,
581 3398 658 3465 quas
680 3372 895 3464 imperatores
913 3375 1036 3442 romani
1055 3394 1149 3463 saepe
1171 3372 1339 3453 tulerunt,
1366 3373 1406 3439 aa
1426 3374 1499 3445 illos
1517 3376 1734 3461 cohibendos,
1756 3401 1799 3449 ne
1818 3383 1897 3449 alios
1917 3384 1957 3449 ad
1974 3389 2065 3456 snam

388 3496 588 3584 Religionem
609 3478 842 3562 converterent.

431 3614 603 3681 Sacrorum
616 3624 723 3678 antem
741 3616 954 3679 mosaicorum
971 3613 1113 3681 studium
1137 3634 1176 3680 eo
1198 3609 1375 3680 ferventius
1390 3614 1507 3695 evasit,
1530 3638 1596 3706 quo
1616 3614 1868 3689 vehementiores
1878 3622 2067 3714 imperato-s

385 3756 457 3799 rnrn
478 3732 708 3822 quorumdam,
735 3731 991 3801 Christianorum
1012 3732 1171 3812 merisne,
1195 3732 1275 3799 boec
1295 3732 1393 3803 Sacra
1412 3734 1588 3823 abrogandi
1610 3752 1702 3805 erant
1722 3753 1866 3811 conatus.
1912 3742 2064 3811 Praeser-

385 3854 445 3919 tim
466 3851 552 3917 istud
574 3850 670 3916 Sacra
693 3851 777 3916 avita
791 3848 902 3916 tuendi
923 3850 1066 3916 studium
1086 3872 1120 3916 se
1140 3839 1399 3919 manifestaverit
1410 3850 1494 3917 iuter
1512 3852 1708 3925 Palaestinae
1730 3860 1928 3941 rerieolae,
1954 3862 2063 3949 cujus·

384 3969 472 4037 modi
499 3966 646 4034 bominac
667 3966 806 4056 antiquis
829 3965 982 4033 institutis
992 3967 1118 4033 diutins
1139 3967 1235 4055 vulpe
1253 3965 1439 4033 adbaerent.
1511 4017 1514 4023 .
1862 3958 1865 3967 ’

386 4089 393 4103 ’
428 4086 542 4178 Neque
564 4086 756 4156 Samaritani
783 4085 1052 4175 palaestinenses,
1081 4083 1161 4151 lraee
1184 4082 1282 4153 Sacra
1304 4084 1534 4166 defendentes,
1559 4092 1691 4155 catars'a
1711 4089 1837 4157 auxiliis
1854 4106 1945 4159 erant
1963 4092 2063 4163 desti-

383 4208 458 4276 tuti.
490 4204 602 4273 Socios
621 4227 737 4296 nempe
766 4202 929 4271 habebant
945 4202 1183 4283 samaritanos,
1203 4205 1237 4271 in
1258 4204 1439 4295 praecipuis
1458 4217 1635 4271 exterarum
1656 4210 1824 4296 regionum
1844 4209 1977 4275 urbibus
2002 4210 2060 4303 ba7

385 4327 543 4403 bitantes,
569 4346 721 4417 quorsum
752 4334 822 4391 turn
849 4332 948 4403 ante,
982 4333 1210 4413 tompostea,
1239 4332 1277 4389 ut
1302 4322 1426 4413 patriae
1452 4321 1645 4417 calamitates
1678 4324 1876 4414 effugerent,
1906 4330 2061 4419 permulti

384 4456 561 4513 evaserant.
605 4441 661 4509 Sic
681 4440 757 4509 olim
773 4444 842 4529 jam
864 4441 1051 4515 exstiterant
1074 4437 1193 4507 Coetus
1210 4462 1322 4506 eorurn
1348 4440 1382 4508 itt
1406 4441 1552 4530 Aegypto
1572 4454 1605 4507 ct
1632 4442 1799 4527 Damasci,
1826 4446 1942 4514 deinde
1962 4452 2060 4519 etiam

386 4566 506 4632 Romae
533 4575 566 4629 et
590 4558 887 4649 Constantinopoli,
919 4560 1037 4652 quibus
1067 4559 1100 4627 in
1125 4559 1203 4626 locis
1232 4571 1269 4626 ut
1288 4559 1429 4639 Judaei,
1460 4560 1506 4626 ita
1525 4559 1716 4627 Samaritani
1736 4564 1835 4631 etiam
1861 4582 2061 4641 mercaturae

383 4684 520 4749 multum
546 4700 664 4770 operae
680 4678 849 4746 navabant.

430 4801 553 4867 llorum
573 4812 606 4866 et
625 4798 902 4888 palaestinensinm
924 4796 1083 4867 coetuum
1108 4798 1225 4867 Coetus
1245 4800 1394 4890 princeps
1413 4810 1479 4864 arat
1500 4798 1749 4871 sa'cbema‘ta'esss.
1782 4800 1867 4870 ilinc
1887 4802 1926 4870 ad
1947 4819 2056 4874 omnes

385 4918 530 4987 mandata
551 4918 775 4989 mittebantur.
822 4917 885 4982 Hic
906 4916 1077 5006 praecipue
1089 4964 1099 4995 ,
1124 4918 1199 5007 quia
1218 4918 1314 4984 totins
1335 4937 1442 4983 sacrae
1454 4915 1651 5011 reipublicae
1668 4919 1767 4987 veluti
1781 4924 1969 5015 metropolis
1990 4929 2057 5015 ipsa

380 5052 475 5116 erat,
505 5033 639 5105 consilia
663 5034 702 5099 ad
728 5034 860 5103 Cultum
879 5034 973 5104 illurn
998 5047 1108 5101 contra
1136 5035 1273 5105 aliorum
1307 5037 1461 5124 impetum
1486 5036 1663 5115 tuendum,
1686 5038 1908 5127 capiebantur.
1952 5044 2056 5131 Hujus
2085 5034 2090 5048 '

383 5178 460 5251 erpo
479 5155 568 5223 urbis
586 5151 763 5221 Annalibus
787 5153 889 5241 major
911 5153 1081 5243 sequentis.
1090 5152 1251 5233 Historiae
1273 5152 1481 5221 samaritanae
1500 5176 1574 5245 pars
1593 5156 1790 5229 continetur.
1902 5144 1906 5153 ’
