5467 6500
1350 800 1647 878 ..gg-a·

695 998 804 1068 Minus
819 992 961 1085 benigne
973 984 1110 1063 Romani
1132 1005 1242 1085 postea
1263 991 1521 1061 deSamaritanis
1540 1001 1705 1061 senserant
1716 1039 1726 1074 ,
1748 1002 1788 1061 at
1805 1010 1843 1059 er
1860 988 1999 1063 tonsu
2018 988 2227 1077 testimonie,
2250 992 2337 1087 nto

650 1132 686 1185 et
705 1142 772 1207 seq·
795 1118 960 1192 oitats,‘et
977 1136 1013 1181 er
1033 1114 1105 1179 aliis
1126 1113 1205 1178 looie
1225 1124 1371 1201 apparet.
1409 1108 1511 1199 liujus
1532 1111 1579 1177 rei
1601 1130 1693 1177 osnes
1717 1107 1891 1201 repetenda
1908 1125 1980 1191 est,
2000 1115 2036 1180 e't
2053 1136 2075 1179 e
2095 1128 2282 1195 eontemtn,
2306 1118 2338 1181 in

655 1234 961 1327 quemiudeeorurn
986 1232 1142 1300 turnultus
1164 1252 1279 1296 emese
1290 1228 1490 1298 Palaestinae
1511 1226 1631 1294 insoles
1654 1229 1870 1319 perduxerant
1881 1276 1892 1311 ,
1912 1230 1950 1298 it
1968 1250 2008 1297 er
2029 1234 2151 1315 turbis,
2173 1254 2255 1325 quas
2277 1232 2349 1326 ipsi

654 1355 845 1422 Samaritani
867 1354 991 1441 saepius
1009 1361 1193 1418 moverunt.

564 1486 570 1497 ’
700 1474 773 1540 Non
794 1473 902 1537 omnia
931 1483 1036 1536 tamen
1061 1468 1255 1556 l'risilegis‚
1280 1465 1399 1556 quibus
1420 1475 1495 1532 ante
1515 1464 1721 1545 trementer,
1744 1478 1825 1533 tuno
1844 1466 2019 1535 amiserunt
2041 1468 2212 1536 confestim
2226 1517 2236 1550 ,
2251 1468 2343 1559 qnod

653 1616 693 1660 er
708 1590 909 1657 iudaeorum
932 1587 969 1651 iis
989 1585 1190 1674 temporibus
1210 1586 1244 1651 in
1263 1583 1442 1681 Oenidente
1464 1582 1650 1652 conditione
1671 1585 1749 1651 item
1773 1585 1899 1653 efficere
1922 1585 2012 1655 licet.
2059 1586 2226 1681 tlisenim
2246 1590 2344 1655 etiarn

655 1720 728 1796 post
747 1706 969 1791 lli'e'rosolyma
993 1726 1101 1771 eversa
1126 1685 1314 1795 permissum
1336 1716 1403 1769 erat
1428 1697 1629 1792 Religionem
1650 1704 1686 1769 in
1703 1702 1908 1793 Synagoge's
1925 1702 2089 1793 profiteri,
2115 1727 2196 1770 suns
2223 1704 2342 1774 habere

656 1828 903 1917 Magistratus
930 1824 1213 1902 ecclesiasticos,
1247 1824 1503 1891 Petrs'orobam
1534 1844 1564 1891 v.
1595 1844 1648 1901 o.,
1683 1822 2018 1911 Arobisynngogos,
2053 1822 2153 1901 alios3
2191 1822 2345 1893 Munera

655 1966 754 2031 perro
782 1945 908 2008 civilia
935 1944 1103 2006 rsonnsiio
1126 1965 1248 2029 gerere.
1295 1942 1338 2007 lit
1360 1942 1504 2030 quamvis
1525 1960 1543 2005 a
1568 1932 1778 2007 Onustantino
1799 1961 1916 2029 magno
1938 1937 2013 2006 inde
2033 1962 2083 2007 res
2117 1938 2344 2010 Christiano·

656 2086 753 2141 rum,
771 2074 803 2128 et
830 2061 1107 2127 orthodoxorum
1131 2060 1285 2149 quidem,
1305 2060 1441 2124 maxime
1464 2070 1634 2146 ageretur,
1657 2057 1858 2126 iudaeorum
1877 2071 1983 2126 tamen
2004 2058 2170 2149 juraturo
2192 2062 2287 2141 item,
2309 2072 2343 2128 et

656 2173 713 2247 sliu
735 2191 808 2269 post
829 2176 1097 2255 vindicabantur,
1121 2189 1160 2242 ut
1180 2200 1275 2244 nemo
1299 2200 1353 2243 eos
1374 2178 1507 2266 impune
1529 2176 1671 2243 laederet
1688 2175 1754 2262 (ll.

703 2296 785 2384 Quia
817 2298 875 2359 iris
905 2293 1023 2361 iudaei
1053 2295 1243 2361 fruebantur
1269 2295 1469 2384 l'ririlegiis,
1497 2297 1565 2383 jam
1598 2295 1769 2362 verisimile
1797 2307 1867 2375 est,
1894 2298 1971 2361 esis
2001 2296 2099 2363 etiarn'
2126 2296 2249 2386 gavisos
2279 2319 2345 2365 esse

658 2414 893 2493 Samaritanus,
917 2425 950 2480 et
974 2414 999 2478 si
1016 2436 1053 2480 ea
1076 2438 1143 2479 non
1164 2418 1278 2479 omnia
1303 2434 1378 2479 oum
1400 2411 1531 2480 iudaeis
1552 2413 1734 2481 communia
1752 2410 1937 2480 habuerint.
1984 2412 2144 2478 Videntur
2170 2416 2256 2481 eninr
2278 2414 2345 2482 Ro·

654 2534 766 2612 mani,
799 2532 953 2621 quoniam
989 2530 1189 2598 iudaeorum
1220 2532 1323 2619 major
1352 2552 1449 2621 quam
1476 2528 1753 2599 Samaritanorum
1781 2553 1933 2596 numerus
1959 2529 2085 2619 ubique
2112 2532 2232 2614 inerit,
2269 2532 2346 2600 illos

654 2654 756 2741 magis
778 2650 958 2729 curavisse,
983 2670 1019 2714 ao
1035 2650 1131 2738 plura
1152 2651 1216 2716 illis
1239 2650 1282 2716 ob
1302 2652 1379 2716 alias
1400 2652 1479 2716 item
1497 2671 1627 2729 osusas,
1654 2672 1736 2740 quae
1756 2648 1852 2717 hodie
1875 2647 1969 2715 nobis
1990 2648 2114 2728 latent,
2137 2650 2343 2722 concessisse.

702 2770 903 2856 Quiaantern
922 2789 958 2834 en
971 2815 980 2847 ,
994 2768 1297 2856 quaelurlaeorum
1310 2768 1481 2855 Pririlegia
1500 2765 1821 2855 spectant,nondum
1842 2766 1917 2832 satis
1938 2764 2095 2854 erplioata
2115 2780 2211 2845 sunt,
2231 2790 2347 2857 quam·

656 2912 754 2979 qnam
774 2886 813 2953 de
836 2885 886 2951 bis
910 2886 943 2950 in
964 2886 1085 2949 multis
1105 2884 1243 2972 Legibus
1266 2885 1388 2950 mentio
1410 2882 1468 2961 tt,
1493 2884 1595 2949 multo
1620 2884 1725 2948 minus
1747 2905 1855 2947 omnes
1879 2882 2078 2973 quaestiones
2101 2884 2223 2951 solvere
2244 2886 2317 2954 ficet
2332 2865 2354 2968 ,'

657 3008 700 3073 ds
720 3005 922 3094 Privilegiis,
945 3002 1065 3093 quibus
1095 3003 1146 3068 usi
1173 3002 1236 3066 sint
1266 3000 1515 3079 Samaritani,
1537 2999 1581 3066 ds
1612 2998 1728 3088 quibus
1757 2992 1870 3089 Leges
1896 3008 1929 3065 ot
1951 2995 2098 3087 Scripta
2124 3000 2353 3071 Romanorum

651 3149 765 3218 parce
787 3122 978 3212 loquuntur.
1026 3123 1072 3189 Es
1092 3122 1205 3213 paucis
1224 3119 1295 3199 bis,
1310 3142 1392 3210 quae
1412 3130 1582 3211 supersunt
1593 3166 1604 3199 ,
1629 3116 1841 3199 testimoniis,
1863 3115 2019 3183 nonnulla
2038 3128 2145 3185 tamen
2170 3114 2379 3188 'illusura-'¹

658 3262 711 3314 tur
730 3239 980 3335 quodammodo.

533 3448 536 3452 A
665 3371 669 3378 '
705 3365 859 3432 Novimus
884 3359 1039 3426 nimirum
1064 3357 1274 3426 Samaritanis
1297 3358 1375 3427 item
1406 3379 1590 3426 conoessum
1611 3357 1708 3424 inisse
1729 3377 1814 3421 suas
1832 3351 1952 3422 habere
1970 3352 2208 3446 Synegngas,
2233 3356 2346 3449 ibique

660 3483 794 3550 cultum
818 3481 948 3570 publice
977 3476 1156 3545 celebrare.
1207 3479 1339 3544 Itomae
1366 3489 1454 3543 certe
1483 3499 1596 3543 eorum
1632 3473 1799 3564 Synegsgs
1830 3472 1893 3538 init
1918 3471 1968 3561 (2)
2004 3473 2066 3538 die
2093 3485 2174 3540 ante
2193 3473 2345 3544 Theodo-

660 3605 764 3667 rioum
787 3598 979 3683 (esa-sto
1001 3595 1215 3681 regnantem).
1263 3597 1309 3660 Ex
1333 3594 1477 3684 ejusdem
1496 3591 1639 3680 Epistolri
1662 3591 1696 3655 id
1712 3601 1818 3678 patet,
1839 3612 1936 3679 quarn
1957 3589 2187 3660 (betelonottns
2209 3593 2246 3660 V
2247 3599 2345 3661 nris-

663 3741 741 3782 rum
763 3714 840 3781 libri
860 3709 921 3778 Ill⁴¹
944 3709 1052 3778 num-⁰
1075 3709 1165 3778 XLV
1185 3712 1344 3793 inseruit,
1370 3711 1427 3776 ubi
1451 3709 1490 3776 de
1515 3707 1724 3777 Samaritanis
1746 3729 1850 3775 sermo
1870 3719 1941 3790 est,
1966 3711 2173 3802 querentibus
2190 3711 2320 3782 domum
2334 3733 2348 3799 ,¹

665 3876 887 3900 m

704 3980 747 4054 tl)
770 3977 948 4036 Gomorrae.
974 3972 1005 4033 in
1034 3972 1179 4034 Perstitie
1205 3972 1244 4034 ei
1263 3972 1354 4035 Titui.
1383 3974 1448 4034 Cori.
1477 3961 1667 4035 Tbeoississi
1684 3974 1719 4034 sie
1744 3973 1887 4047 Iudaeis,
1918 3972 2066 4038 coelicolis
2091 3985 2117 4034 et
2139 3975 2348 4052 Sensritssis,

663 4080 697 4140 L.
717 4076 792 4138 xvl.
808 4074 843 4147 8,
865 4081 892 4134 et
914 4073 963 4133 tir
982 4073 1063 4134 Cous.
1081 4073 1121 4134 Ι).
1140 4075 1177 4134 ll.
1198 4073 1374 4145 Lerrssonn,
1398 4075 1482 4152 nep.
1504 4075 1597 4135 Aeas.
1622 4075 1727 4156 Isssg.
1746 4074 1780 4134 de
1800 4071 1973 4134 Jsdesersss
1992 4075 2042 4134 sub
2067 4072 2232 4134 Caesaribus
2251 4075 2348 4134 sendi-

663 4182 754 4248 tiese,
771 4188 797 4235 et
814 4173 979 4252 detegitur
1000 4193 1046 4231 ees
1060 4173 1254 4251 nemeseus.
1283 4173 1316 4232 L.
1326 4173 1360 4233 B.
1382 4173 1467 4234 1828.
1487 4173 1527 4234 4⁰.
1550 4173 1632 4252 gebi
1650 4181 1677 4236 et
1694 4171 1732 4235 5⁷
1750 4195 1825 4255 seqq.
1865 4173 1947 4235 lluno
1970 4173 2079 4232 titulum
2101 4173 2135 4231 de
2156 4173 2279 4233 Jedeeis
2295 4179 2349 4235 ost.

664 4278 834 4340 lastinianus
858 4269 990 4334 insnum
1010 4273 1141 4332 Codieem
1165 4272 1322 4347 transtulit,
1346 4272 1400 4333 sed'
1416 4273 1578 4333 termnum
1599 4275 1814 4346 'Sameramin
1833 4265 1934 4334 omisit.
1984 4271 2026 4330 De
2046 4270 2105 4344 bis,
2127 4278 2158 4331 nt
2189 4273 2286 4347 Sestos,
2317 4273 2348 4334 fir

666 4377 768 4436 mentio
783 4375 813 4431 in
834 4372 869 4431 L.
889 4372 939 4431 21.
960 4372 1360 4433 coemeteriumque.
1404 4373 1463 4434 vid.
1485 4375 1566 4434 etiarn
1587 4375 1659 4435 tituli
1677 4375 1823 4451 inscriptio.
1864 4368 1978 4430 Basilica
1990 4368 2025 4447 (1.
2045 4370 2097 4446 80)
2118 4372 2237 4433 retinent
2252 4389 2347 4434 rosen

657 4479 867 4550 ‚ingessissem
906 4471 1063 4534 Obsonarit
1081 4472 1238 4534 errssoas
1258 4472 1313 4532 ll.
1331 4471 1415 4552 ets.
1437 4481 1493 4534 nst.
1505 4473 1563 4549 80,
1585 4471 1764 4536 Samaritanae
1779 4472 1809 4530 in
1829 4469 2006 4532 confflem.
2027 4481 2160 4552 temqesss
2171 4472 2278 4532 Seetesr
2287 4473 2349 4534 Je-

666 4572 794 4630 riseersss
807 4592 868 4630 cess
885 4571 1025 4645 Judssr's,
1046 4575 1075 4633 in
1092 4572 1159 4633 eos.
1173 4593 1239 4634 vers
1257 4573 1356 4647 Just,
1366 4579 1503 4655 tanquam
1515 4573 1670 4638 iseretiees'
1680 4577 1754 4632 inter
1769 4571 1896 4631 Jsdaess
1907 4593 1970 4632 esre
1980 4573 2142 4631 Haeretisis
2155 4573 2247 4654 jngt
2287 4571 2348 4636 ns-

667 4673 770 4733 tionem
788 4672 871 4752 bajus
885 4673 1051 4734 differentiae
1066 4681 1138 4735 reete
1156 4673 1285 4755 explicuit
1304 4693 1339 4734 ex
1354 4674 1504 4750 deteriori,
1524 4679 1580 4754 qen
1590 4681 1657 4752 pest
1671 4671 1855 4731 Theodosium
1873 4673 2015 4744 eieebnst,
2035 4671 2204 4734 eruditiores.
2224 4699 2228 4704 ·

709 4772 755 4848 (2)
774 4772 863 4834 Verba
878 4775 908 4833 in
926 4773 1001 4854 Lege
1015 4773 1218 4846 Valentinianis,
1240 4772 1306 4832 esd.
1325 4771 1425 4833 Tironi.
1443 4775 1477 4832 ds
1493 4771 1584 4842 meles.
1610 4779 1637 4828 et
1654 4770 1736 4830 mart.
1759 4769 1792 4832 L.
1809 4769 1859 4830 tx.
1881 4769 1918 4830 lb
1938 4769 2003 4848 (rid.
2023 4769 2182 4832 anrssonn
2201 4771 2260 4834 loon
2278 4771 2347 4838 lani.

668 4896 695 4955 p.
711 4871 779 4948 nst:
800 4874 968 4954 sessionique,
990 4872 1063 4951 qnod
1080 4873 1172 4929 ssime
1196 4871 1365 4942 imbibisset,
1385 4869 1494 4929 nolendi
1510 4867 1600 4926 iibens
1607 4866 1737 4944 femitas
1750 4889 1771 4928 e
1793 4889 1834 4928 ers
1852 4869 1956 4934 trr'bstn
1975 4877 2031 4942 est,
2053 4889 2108 4930 non
2127 4871 2146 4930 J
2148 4871 2238 4932 nbseis
2253 4873 2351 4946 nrotln,

610 4955 614 4961 ⁵
669 4974 716 5036 sed
731 4974 908 5034 samaritanis
926 4973 1007 5032 etiarn
1024 4970 1083 5028 sine
1100 4967 1186 5026 dnbio
1200 4971 1277 5048 grata
1294 4966 1420 5025 fueram.
1468 4966 1504 5026 lli
1521 4985 1586 5045 ergo
1606 4969 1636 5026 st
1654 4967 1733 5027 senii
1751 4973 1873 5039 etentes,
1892 4967 1995 5046 rnsjsre
2013 4987 2128 5032 nurnero
2147 4967 2262 5031 lienem
2283 4967 2350 5032 listro

670 5095 699 5135 se
717 5072 905 5140 contulerunt,
923 5071 1016 5148 ibique
1035 5067 1218 5145 synagogam,
1237 5066 1270 5124 iis
1290 5071 1380 5143 postea
1395 5061 1551 5136 ademtam,
1567 5085 1600 5126 so
1616 5071 1736 5146 tsnrpme
1756 5067 1864 5130 sortasse
1882 5065 2069 5133 condiderunt.
2102 5070 2165 5134 ism
2183 5075 2246 5130 ante
2267 5068 2351 5134 sliam

671 5171 817 5253 Pririlsgis
835 5167 959 5230 bsbubss
976 5164 1118 5238 ridentur,
1139 5164 1205 5248 qais
1222 5163 1262 5227 ibi
1279 5165 1365 5244 Leges
1378 5161 1524 5262 antelatae
1541 5163 1734 5248 respiciuntur.
2152 5165 2154 5174 ’
