5467 6500
1339 863 1409 884 -
1461 825 1532 900 ree
1579 857 1661 876 -·

671 1022 742 1110 ipao
761 1017 961 1108 Imperatore
982 1014 1164 1102 confudit),
1187 1017 1261 1082 oiso'
1277 1015 1536 1107 cynegius&
1553 1037 1618 1106 quo
1642 1039 1677 1104 p.
1694 1017 1756 1080 146
1779 1013 1880 1082 luenti
1896 1035 2004 1086 eunus
2015 1029 2025 1096 3
2052 1021 2119 1088 aiae
2137 1019 2332 1099 Ἐκὼοὲσ,

674 1139 760 1206 Uxor
783 1134 953 1200 Theodosii
971 1133 1024 1213 11,
1049 1155 1148 1221 quum
1168 1135 1270 1222 primi
1290 1137 1359 1201 vice
1382 1157 1420 1200 eo
1437 1135 1589 1201 tendebat
1609 1136 1673 1218 (1).
1718 1131 1837 1200 lienum
1860 1135 2138 1215 tumarittnarum.
2161 1159 2200 1204 eo
2215 1137 2335 1204 edren·

675 1267 780 1331 tante,
801 1252 940 1317 conditio
955 1251 989 1342 in
1010 1248 1128 1318 codiee
1144 1249 1328 1317 Scsnrcrnr
1345 1253 1388 1316 ita
1410 1251 1612 1340 depingitur,
1638 1261 1674 1314 ut
1694 1249 1821 1330 ordor,
1843 1249 1974 1320 notan
1987 1253 2065 1338 jour
2081 1255 2145 1320 dia
2164 1265 2333 1324 mortum

596 1407 601 1414 -
674 1393 771 1450 erse,
801 1391 840 1434 ac
869 1367 994 1434 nulium
1023 1348 1216 1433 Pontificem
1240 1363 1348 1433 Socrir
1370 1369 1511 1455 iptorum
1542 1379 1620 1434 tuac
1649 1367 1865 1458 praepositum
1885 1367 2003 1452 iniree3
2018 1371 2091 1459 ¹qni
2114 1391 2151 1436 ea
2171 1393 2204 1437 re
2233 1370 2333 1438 butue

582 1561 585 1568 ,
673 1489 790 1557 Hunno
808 1485 1037 1575 aliquandiu.
1047 1505 1189 1564 moure,
1212 1506 1287 1551 eane
1305 1497 1449 1574 apparet.
1540 1505 1544 1514 ·

678 1641 684 1652 ·
719 1607 768 1672 lie
788 1627 827 1674 eo
844 1617 951 1672 autem
966 1605 1099 1691 ejusque
1117 1602 1221 1668 rebus>
1232 1605 1346 1692 portio,
1365 1603 1601 1692 quodeunmodo
1620 1605 1751 1670 iortarae
1766 1601 1913 1690 judicare
1929 1603 2160 1692 potniaseanua,
2179 1605 2206 1668 ei
2225 1625 2331 1670 narrat

675 1726 741 1804 tio,
770 1726 803 1790 in
826 1726 889 1812 qui
907 1718 1014 1802 medii
1040 1718 1226 1808 exponendi
1249 1719 1355 1788 Cedet
1377 1723 1484 1788 noeter'
1503 1722 1699 1800 abeoiritnu,
1723 1719 1763 1786 sd
1784 1719 1880 1788 finem
1899 1720 2053 1809 perducto
2073 1721 2195 1788 inireet.
2242 1723 2333 1790 Nune

675 1843 775 1931 ipitur
788 1840 831 1904 ob
847 1840 934 1904 omni
954 1836 1169 1925 disputatione
1187 1837 1516 1924 potinaabatineruoa.
1563 1841 1621 1908 nei
1644 1840 1764 1929 quippe
1785 1848 1916 1905 ereatua
1937 1841 2006 1927 jans
2020 1839 2121 1916 latet,
2145 1850 2179 1904 et
2196 1838 2333 1929 aiupsala·

675 1961 743 2037 ria,
765 1930 849 2046 quoe
860 1953 1002 2020 heroine
1015 1956 1047 2018 io
1058 1953 1271 2038 Samaritanus
1286 1958 1459 2023 contulerit
1474 2008 1483 2037 ,
1497 1957 1671 2035 brucins,
1684 1955 2032 2046 guittonnensem
2043 1977 2130 2033 erae,
2149 1977 2186 2022 ee
2196 1958 2334 2044 cogitata

674 2073 827 2150 libertus,
851 2091 932 2160 quoe
954 2071 1031 2159 ipaie
1046 2069 1266 2160 recupaverit,
1287 2072 1427 2140 fabulam
1448 2076 1594 2164 proiecto
1610 2071 1729 2140 reierm
1745 2073 1903 2140 ridentur.
1950 2071 2083 2140 Scilicet
2109 2073 2178 2138 ieri
2202 2073 2332 2163 quidem
2356 2063 2360 2070 ⁴

675 2205 799 2281 potest,
823 2203 860 2254 nt
872 2191 1068 2276 Religionem
1077 2189 1133 2254 ille
1144 2189 1346 2255 christianam
1359 2192 1507 2258 simulate
1518 2191 1729 2283 amplexurtait
1741 2239 1751 2268 ,
1764 2201 1796 2256 et
1810 2188 2047 2256 bunoiraudent
2058 2189 2333 2258 uanteenbtilitea·

674 2332 739 2400 qne
754 2307 925 2383 oelowrit3
945 2307 1043 2371 uteie
1054 2305 1092 2372 ad
1105 2329 1225 2372 eunome
1237 2327 1339 2397 esque
1355 2307 1565 2379 ecelesiaatiee
1589 2309 1719 2377 linneru
1730 2305 1880 2396 temporie
1897 2305 2032 2374 decursa
2043 2308 2220 2373 eseotaatit
2232 2357 2240 2386 ,
2254 2310 2331 2397 quin

675 2427 944 2516 drebitpircopno
953 2424 1107 2513 Neapolin
1117 2423 1230 2489 adierit
1241 2467 1251 2499 ‚
1262 2424 1429 2514 splendidi
1441 2429 1557 2517 potnpl
1567 2422 1699 2516 rtip'stus
1713 2475 1722 2506 ,
1740 2409 1822 2514 quoe
1831 2429 2054 2490 tamenminur
2063 2425 2094 2488 in
2106 2424 2204 2513 ipsius
2213 2474 2226 2503 ,
2236 2447 2330 2514 quan

675 2549 708 2612 in
742 2565 853 2612 eorum
872 2543 1025 2632 gratiano,
1049 2541 1106 2630 qui
1125 2543 1228 2629 ipsum
1248 2544 1498 2624 comitarentur,
1522 2556 1706 2633 poneretur:
1733 2551 1913 2632 prsetereu,
1937 2552 1974 2606 ut
1989 2541 2196 2630 Episcoputba
2213 2563 2332 2631 nespe-

674 2664 766 2730 litani
786 2661 908 2728 bonore
926 2673 1078 2737 ornatur,
1105 2659 1273 2726 Germane·
1295 2661 1414 2738 inetur,
1437 2660 1641 2728 Somanitunie
1660 2659 1833 2726 benerolur
1858 2656 1979 2724 [ιιιιιῐι.Ι
2015 2658 2134 2725 Vtrum
2158 2659 2239 2724 ultra
2257 2681 2331 2748 pro·

672 2781 806 2858 cedere,
825 2797 890 2842 nou
915 2775 1013 2853 lieet,
1037 2775 1097 2840 niei
1112 2777 1262 2841 terinos
1280 2753 1464 2865 superemus
1486 2797 1592 2842 rernm
1618 2771 1856 2844 verisimilium
1897 2771 1978 2840 Num
1997 2771 2072 2840 doio
2096 2773 2246 2852 detecto,
2270 2777 2332 2841 imo

670 2898 745 2962 orti
763 2893 960 2980 auspicione,
992 2889 1231 2955 ebriationem
1252 2895 1329 2953 ocri
1357 2895 1506 2955 seminia
1534 2891 1607 2955 eoae
1632 2913 1699 2957 noe
1721 2913 1817 2969 eoae,
1840 2891 1913 2958 loeo
1935 2889 2102 2956 confertim
2125 2903 2230 2956 urotna
2254 2890 2331 2954 inis·

671 3011 741 3088 set,
765 3022 798 3074 et
826 3029 890 3097 quo
914 3006 1007 3094 plura
1027 3003 1179 3069 beneficio
1205 3007 1238 3069 in
1263 3005 1399 3076 Gentem
1414 3007 1568 3074 ‘conferre
1581 3007 1771 3084 studuirtot,
1795 3025 1833 3072 eo
1860 3003 1982 3091 majora
2001 3003 2117 3104 dnum
2136 3017 2168 3072 et
2191 3007 2328 3095 prasiana

671 3126 860 3197 detrimenta
878 3123 913 3189 in
931 3123 1033 3214 ipsam
1052 3132 1141 3190 certo
1158 3121 1329 3192 intulisset.
1391 3203 1398 3216 .
1957 3131 1962 3142 '

715 3478 764 3545 De
790 3476 1063 3545 Samaritanorum
1092 3474 1363 3541 vicissitudinibus
1391 3474 1451 3541 rub
1478 3476 1667 3543 Marciano
1696 3473 1918 3564 (450-457),
1939 3486 1972 3539 et
1996 3470 2108 3541 leuem
2124 3473 2330 3563 (467-474)

670 3595 756 3664 nibil
786 3595 937 3661 innotuit.
976 3591 1058 3669 Ille,
1092 3592 1149 3680 qui
1172 3592 1309 3658 Uxorem
1328 3590 1421 3657 duait
1448 3592 1647 3672 Pulcerinm,
1674 3592 1844 3660 Theodosii
1861 3590 2031 3669 Sororem,
2062 3591 2169 3659 multit
2193 3598 2330 3661 nomini-

674 3713 733 3777 bus
753 3710 794 3777 de
812 3708 952 3798 imperio
969 3707 1106 3784 meruit,
1130 3718 1163 3772 et
1180 3706 1367 3772 Gbristienia
1394 3706 1468 3772 licet
1487 3730 1563 3795 pne
1583 3708 1695 3776 ceteris
1712 3708 1836 3785 ieaens,
1859 3706 2054 3795 reliquorum
2078 3721 2180 3777 tomen
2200 3708 2328 3779 Birinna

672 3827 768 3893 uoluti
784 3821 877 3890 simul
896 3819 1078 3912 prospicere
1105 3820 1227 3889 atuduit
1246 3824 1309 3905 (2).
1354 3820 1585 3901 Palaestinam,
1615 3822 1742 3911 pluviae
1769 3822 1877 3911 inopii
1904 3824 1942 3887 ei
1961 3833 2063 3889 teleto
2085 3846 2221 3913 pressant
2252 3830 2329 3913 (ὃ),

672 3938 868 4017 Dorotheou,
901 3938 996 4027 bnjna
1022 3951 1122 4005 terrae
1155 3938 1359 4011 Praefectus,
1394 3935 1435 4001 ob
1458 3937 1599 4005 Arabum
1621 3938 1782 4004 invasione
1809 3935 1954 4003 defendit
1975 3936 2053 4021 (4),
2082 3940 2191 4029 ibique
2208 3942 2327 4011 tumul-

672 4072 740 4125 tum
760 4058 896 4135 redusit,
920 4078 977 4145 per
1000 4052 1164 4123 biennium
1183 4053 1267 4122 inter
1296 4050 1526 4122 Gbuiatiunoas
1549 4052 1706 4121 lioeoubo
1726 4050 1911 4119 Theodosio·
1926 4065 2042 4119 metm
2070 4054 2133 4137 (ὅ).

717 4173 848 4252 leont,
880 4170 1003 4241 bomini
1024 4187 1119 4239 oraro
1148 4184 1182 4239 et
1210 4166 1333 4239 erudeli
1353 4168 1428 4258 (6),
1453 4172 1601 4238 sucoeaait
1625 4170 1717 4240 Zeno
1745 4168 1972 4256 (474-491),
2001 4169 2129 4235 aaeritii
2156 4172 2327 4262 multisque

668 4370 901 4391 ——a—

704 4493 753 4569 (1)
773 4491 819 4553 Sic
835 4490 910 4550 nobis
925 4488 1116 4561 statuenlibns,
1136 4506 1266 4568 nonopns
1281 4494 1339 4559 est,
1360 4494 1391 4547 nt
1410 4494 1534 4567 putemur
1550 4488 1730 4550 &mentones
1748 4488 1817 4548 banc
1837 4508 1895 4549 rem
1918 4506 2028 4567 prorem
2041 4486 2185 4565 finxisse,
2207 4496 2233 4548 et
2247 4494 2326 4569 prin-

673 4591 739 4667 eipis
751 4589 827 4658 Vini,
839 4592 934 4668 magni
952 4608 1015 4646 cnm
1022 4592 1120 4667 pompi
1135 4586 1309 4646 Palaestinam
1324 4586 1464 4657 adeuntis,
1477 4589 1639 4649 manlionem
1650 4590 1727 4650 unice
1739 4590 1908 4663 repetendam
1921 4610 1975 4651 esee
1986 4586 2094 4657 exinde,
2115 4586 2185 4667 quod
2193 4586 2327 4661 Helenae,

671 4687 766 4747 matris
786 4686 954 4746 Constantini
973 4708 1009 4745 tn.
1033 4688 1062 4747 in
1073 4688 1142 4745 banc
1153 4674 1289 4765 regionem
1310 4681 1437 4746 adrentus
1454 4686 1688 4747 Palneslinensium
1707 4686 1851 4744 memoriae
1870 4686 1921 4747 alte
1936 4686 2035 4746 infixus
2052 4680 2164 4757 inisset,
2183 4689 2260 4765 enjus
2275 4684 2328 4747 ile'r

672 4788 871 4863 deeeripaerunt
894 4784 1029 4843 Enemua
1056 4784 1089 4840 de
1109 4784 1183 4842 rest
1202 4784 1296 4845 cosor
1308 4780 1374 4857 tlt,
1403 4806 1426 4845 e.
1439 4784 1519 4848 tto
1533 4782 1585 4855 46,
1607 4786 1741 4845 &marna
1755 4784 1796 4842 ΙΙ.
1813 4783 1852 4843 Ε.
1866 4784 1900 4858 1,
1925 4806 1950 4848 c.
1964 4784 2018 4858 ll,
2038 4792 2065 4845 el
2081 4785 2212 4847 Soaoaan.
2226 4786 2265 4847 11.
2284 4786 2327 4848 B.

671 4886 723 4956 11,
744 4904 761 4944 c
783 4884 795 4940 l
816 4890 847 4945 et
863 4882 890 4942 2
918 4914 922 4924 =
1276 4927 1281 4941 .

714 4982 758 5059 (2)
778 4980 823 5041 h
838 4980 937 5051 Bran,
954 4979 1003 5039 bl.
1018 4978 1081 5051 111,
1098 4998 1125 5057 p.
1144 4975 1203 5041 492
1219 5000 1273 5061 req.
1498 4990 1507 4999 “
1555 4980 1597 5059 (3)
1620 4979 1749 5043 Leliano
1771 4980 1851 5055 ibid,
1870 4982 1977 5059 pbbi.

712 5080 759 5157 (4)
780 5081 820 5139 ln
835 5080 929 5148 Bur,
945 5078 1026 5150 ibid,
1040 5100 1059 5157 p
1075 5079 1142 5138 526.
1556 5083 1599 5163 (ὃ)
1619 5080 1756 5158 LaBaau,
1773 5082 1835 5145 ibid
1849 5126 1857 5159 ,
1872 5082 2046 5167 pbiOreqq.

713 5180 756 5259 (6)
776 5178 819 5239 La
834 5177 925 5253 Bran,
946 5177 1025 5252 ibid,
1043 5175 1140 5258 poet
1153 5199 1210 5258 req.
