5467 6500
1160 1786 1164 1793 '
1188 1778 1357 1847 Burosra
1381 1776 1505 1845 Grnrrs
1529 1773 1818 1855 Summarum
1888 1826 1890 1835 ι

693 2076 742 2144 dd
767 2076 943 2144 Historiam
964 2076 1079 2145 Gentis
1108 2073 1317 2141 samaritanae
1345 2070 1554 2139 enerraudam
1586 2082 1770 2161 pergentes,
1794 2071 1835 2141 ab
1861 2098 1900 2143 eo
1925 2075 1999 2145 iuda
2020 2092 2165 2171 tempore
2191 2086 2331 2181 insipia-
2382 2146 2386 2153 .

646 2216 745 2275 mus,
771 2218 835 2283 quo
863 2196 939 2261 nori
964 2193 1115 2261 Coloni
1105 2217 1139 2261 ιιι
1160 2191 1374 2260 Palaestinam
1398 2187 1532 2257 deducti
1555 2200 1652 2267 sunt,
1674 2188 1740 2257 sire
1767 2212 1786 2257 a
1811 2190 1974 2263 destructo
2002 2197 2113 2289 Regno
2141 2204 2334 2283 israelitico,

647 2282 865 2377 Samaritanae
892 2310 1004 2377 Gentis
1034 2310 1174 2377 ilistoris
1194 2306 1272 2375 inde
1300 2308 1397 2396 vulgo
1421 2305 1616 2385 inchoatur,
1651 2326 1713 2373 rso
1741 2309 1810 2377 sine
1835 2331 1951 2393 causa,
1983 2327 2020 2385 ut
2050 2320 2186 2411 quisque
2218 2330 2328 2398 sentis,

647 2408 804 2496 Tenentur
831 2427 928 2496 modo
954 2427 1028 2497 ab'
1012 2432 1063 2494 ss‘s
1080 2426 1279 2523 temporibus
1304 2428 1414 2493 {otim
1434 2422 1546 2490 Gentis
1563 2420 1737 2513 primordia
1756 2447 1820 2491 noa
1833 2426 1978 2497 ducenda
2001 2454 2088 2515 esse3
2114 2460 2196 2528 quae
2212 2447 2239 2511 si
2259 2448 2335 2537 quia.

646 2548 717 2613 ab
707 2549 801 2614 ruitio
831 2545 978 2637 indaget,
1005 2547 1046 2612 ab
1064 2546 1232 2611 hebraeae
1256 2542 1380 2611 Gentis
1402 2538 1630 2629 originibus
1620 2540 1764 2629 lucipeta
1783 2544 1886 2633 ipsum
1911 2561 2051 2637 oportet.

690 2652 756 2753 Ιριί
779 2663 972 2732 Samaritani
992 2663 1056 2731 hoo
1074 2662 1269 2754 perspexisse
1288 2657 1451 2726 ridentur.
1496 2656 1540 2723 Hi
1568 2658 1654 2723 euim
1666 2703 1675 2736 ,
1700 2669 1735 2723 ut
1754 2658 1913 2742 vidimus,
1943 2663 2029 2735 baud
2050 2674 2271 2760 contendunt,
2296 2704 2335 2749 se·

646 2804 683 2848 ex
714 2780 776 2846 alii
805 2801 901 2869 quam
926 2781 1127 2849 ,Iudaeorum
1157 2781 1257 2869 stirpe
1284 2787 1372 2842 ortos
1402 2796 1488 2853 esse,
1525 2796 1636 2843 reram
1664 2796 1760 2843 unam
1790 2780 2000 2872 eamdemque
2029 2786 2164 2859 Gentem
2198 2817 2231 2861 se
2255 2818 2328 2867 cntn

644 2898 778 2967 Judaeis
797 2896 876 2967 oiim
899 2896 1016 2975 fnisse,
1041 2896 1212 2963 affirment.
1237 2894 1276 2961 in
1300 2912 1339 2956 eo
1360 2902 1484 2957 tentum
1515 2912 1533 2953 a
1556 2890 1689 2958 Judseis
1720 2889 1936 2977 dissentiunt,
1961 2901 2048 2989 quod
2074 2907 2150 2972 ulio
2178 2919 2337 3002 tempore·

646 3017 783 3083 Gentem
803 3012 931 3081 sensam
952 3034 1021 3081 esse
1042 3011 1229 3105 perhibent.
1287 3008 1392 3096 liujus
1422 3006 1468 3073 rei
1491 3018 1604 3073 auctor
1630 3004 1677 3075 sb
1697 3006 1768 3075 illis.
1792 3012 1825 3079 in
1857 3026 1995 3107 utroquo
2024 3016 2185 3091 Obsonioo
2207 3026 2327 3098 dieitur

644 3134 701 3205 ln
721 3132 815 3221 (uti).
834 3130 961 3201 Relieto
982 3131 1069 3199 euim
1089 3130 1200 3199 Monte
1214 3127 1393 3203 Garirtms',
1408 3124 1474 3209 ¹ubi
1493 3144 1511 3189 a
1530 3121 1631 3190 Josui
1643 3122 1812 3215 Templum
1831 3128 1998 3201 eonditum
2012 3137 2233 3233 ,cultumque
2252 3170 2329 3216 mo.

645 3258 790 3331 saicum,
813 3248 1055 3320 moderantibus
1075 3242 1305 3319 Sacerdotibus
1324 3264 1360 3309 er
1382 3238 1550 3321 Finahnst'
1573 3263 1639 3322 ιιιθ
1661 3238 1812 3310 Ptnehttt'
1833 3246 1956 3323 ftmtlii
1982 3255 2145 3340 oriundis,
2167 3282 2327 3352 perpetuo

647 3370 843 3439 celebratum
869 3390 958 3447 esse,
978 3365 1188 3443 fabulantur,
1212 3362 1282 3430 uta·
1293 3359 1615 3440 Siluntenrabiissa,
1639 3358 1864 3433 Sacerdotium
1881 3367 1942 3434 sibi
1963 3393 2141 3464 arrogasse,
2165 3395 2327 3454 otnorurn

571 3531 577 3542 ·
646 3489 770 3556 Fanum
799 3487 1004 3566 condidisse,
1037 3484 1221 3555 [asinorum
1249 3502 1326 3547 sero
1354 3499 1473 3569 poenas
1497 3499 1570 3545 mor
1590 3477 1689 3546 luisse
1719 3480 1860 3564 dieitur,
1897 3509 1996 3576 qaum
2032 3492 2148 3562 Gentes
2172 3498 2327 3571 finitimo

645 3609 745 3696 ipsius
762 3608 919 3673 exercitus
942 3604 1114 3691 fugarent,
1137 3611 1171 3666 et
1192 3598 1277 3665 uros
1295 3594 1338 3666 sb
1357 3591 1505 3692 hostibus
1526 3599 1639 3686 capti,
1657 3597 1796 3678 salviliis
1814 3602 1999 3687 trucidatis,
2022 3609 2085 3702 ipsi
2102 3614 2207 3698 Patri,
2238 3643 2330 3690 ese·

644 3723 703 3788 dili
727 3720 874 3799 uadenti,
896 3719 1000 3787 cerrir
1018 3718 1219 3805 frangeretur
1237 3711 1302 3798 (1).

690 3841 737 3908 Ex
758 3838 847 3906 husos
859 3847 1015 3929 apparet
1040 3831 1208 3924 quomodo.
1231 3828 1423 3897 Samaritani
1438 3828 1605 3918 judaicam
1629 3830 1877 3904 Traditionem'
1869 3859 1901 3906 ιιι
1915 3864 2074 3914 snosusus
2097 3835 2330 3939 converterint,

643 3980 680 4024 ao
702 3955 812 4025 dedita
833 3957 930 4046 operi
948 3951 1167 4031 turbaverint,
1191 3947 1255 4016 boo
1274 3946 1398 4015 seilicet
1422 3947 1489 4014 solo
1511 3949 1666 4030 oonsilio,
1699 3964 1735 4018 ut
1755 3951 1868 4024 entus
1887 3959 1959 4042 sui,
1978 3963 2011 4032 in
2036 3965 2200 4052 Garistmi,
2218 3974 2333 4046 Monte·

642 4075 769 4155 oblati,
790 4098 827 4142 ao
848 4071 1060 4143 Sacerdotnm
1080 4090 1211 4137 suornm
1230 4088 1356 4134 oausam
1379 4077 1523 4156 agerent.
1557 4065 1681 4159 Nempe
1704 4073 1850 4142 universe
1869 4077 1935 4145 iere
1952 4079 2096 4150 Traditio
2114 4094 2323 4174 samaritane,

501 4280 506 4286 ι
641 4195 675 4262 in
704 4193 805 4262 Libro
824 4193 946 4261 iosuae
968 4183 1223 4260 ettibu'l-fathi
1241 4182 1404 4252 Chronico
1433 4197 1576 4265 serrata,
1602 4187 1756 4278 originem
1786 4189 1880 4264 ducit
1904 4217 1943 4266 or
1963 4197 2109 4284 judaiei,
2143 4230 2226 4295 quae
2253 4228 2324 4300 post

641 4312 772 4380 cursum
802 4316 1002 4388 mosaicum,
1034 4329 1074 4374 eo
1095 4305 1129 4371 in
1148 4302 1260 4372 Monte
1284 4300 1520 4383 coustitutum,
1542 4302 1714 4372 eJadseis
1746 4311 1917 4401 transfugis
1945 4316 2112 4386 marimum
2141 4331 2323 4412 partemin

644 4427 872 4496 samaritidem
899 4424 1005 4495 delata
1024 4435 1095 4502 est,
1119 4419 1213 4488 ubi
1205 4442 1239 4486 ra
1265 4420 1376 4490 madii
1399 4420 1503 4489 Gente
1524 4425 1716 4494 samaritani
1735 4427 1886 4516 temporis
1915 4427 2051 4502 decursu
2072 4460 2186 4508 noram
2211 4467 2325 4534 qnam-

644 4545 720 4623 dem
749 4542 884 4611 formam
906 4542 1044 4635 accepit.
1100 4537 1246 4608 ttamen
1275 4558 1401 4606 causam
1431 4541 1574 4610 animum
1599 4566 1636 4610 ea
1667 4543 1789 4634 ubique
1811 4545 1912 4636 spirat
1931 4546 2040 4620 Gultui
2060 4563 2201 4626 mosaico
2224 4563 2323 4632 addi

508 4649 518 4666 ⁹
639 4677 750 4741 utum,
776 4662 845 4730 sed
869 4659 1003 4732 Judaeis
1033 4677 1182 4736 exosum3
1209 4666 1310 4748 utque
1334 4658 1446 4724 Gentis
1475 4661 1681 4764 aemamtsnae
1702 4682 1813 4729 causae
1835 4665 1902 4754 ipsa
1926 4668 2068 4754 sereret,
2091 4675 2214 4757 multe,
2240 4705 2322 4772 qnae

637 4782 837 4852 Judaeorum
859 4779 952 4848 Libri
977 4775 1146 4855 referunt,
1173 4778 1215 4843 10
1235 4775 1399 4843 Tribunus
1421 4799 1534 4867 parum
1561 4775 1756 4858 honorifica,
1781 4783 1898 4870 partim
1922 4785 1962 4851 de
1983 4787 2140 4857 industrii
2165 4795 2325 4868 oblivioni

636 4901 733 4981 data,
757 4900 880 4991 partim
898 4901 943 4967 ita
973 4875 1120 4965 oontorta
1143 4904 1238 4972 sunt,
1274 4905 1311 4960 nt
1346 4893 1462 4964 cultui
1486 4915 1522 4962 ea
1548 4894 1768 4986 garisimitauo
1789 4901 1926 4990 amplius
1948 4925 2064 4974 nocere
2090 4931 2156 4980 non
2176 4932 2318 5005 possent.

677 5210 719 5290 (ι)
740 5197 1613 5284 ιιιιιιιιιιιιιιιιιιιιιιιιιιιιιιιιιιιιιιιιιιιιι
