5467 6500
1142 792 1432 870 -69-

436 993 538 1060 leniri
548 984 795 1065 numernrerint,
805 982 871 1064 hic,
883 997 918 1050 ut
928 984 1036 1051 lerunt
1044 983 1175 1062 Judaei,
1185 1005 1242 1074 per
1253 987 1296 1052 32
1308 979 1522 1054 annoaliebus
1530 987 1626 1054 sacris
1634 985 1788 1077 praeluit,
1802 983 1842 1050 ab
1852 985 2108 1060 enecassent,
2131 1025 2135 1030 -

437 1113 617 1201 Jojaqlmut
635 1125 693 1194 per
713 1106 770 1181 30,
783 1101 822 1170 ad
839 1125 956 1168 annum
981 1107 1067 1181 474,
1092 1099 1292 1189 Eljascblbus
1304 1122 1362 1189 per
1383 1101 1441 1179 40,
1461 1099 1500 1166 ad
1522 1104 1607 1181 434,
1632 1124 1669 1169 ae
1690 1101 1806 1191 Jojada
1824 1123 1882 1191 per
1895 1099 2009 1176 36,ad
2024 1101 2109 1176 398,

437 1229 477 1294 ab
500 1247 583 1290 auno
608 1243 683 1310 ergo
704 1223 766 1285 310
787 1220 968 1285 Artaxerxis
990 1218 1178 1308 Longimani
1200 1215 1240 1282 nd
1264 1221 1333 1282 eum
1360 1215 1539 1283 Artaxerxis
1560 1219 1761 1296 Mnemouis,
1780 1219 1898 1286 Munus
1916 1217 2113 1283 sacerdotale

435 1344 543 1432 gessit.
568 1339 656 1408 llaec
678 1337 779 1424 igitur
797 1334 943 1400 delinitio
963 1333 1006 1398 ab
1028 1335 1087 1408 iis,
1111 1333 1242 1421 quaein
1263 1331 1364 1397 Libro
1385 1331 1561 1420 Nehetru'ao
1580 1334 1743 1423 leguntur,
1766 1336 1822 1401 ubi
1843 1334 1942 1400 hiciu
1962 1333 2114 1398 Palaesti-

434 1481 506 1524 nam
521 1437 660 1522 ¹rediisse
673 1452 692 1516 d
698 1453 791 1517 icitur
810 1448 892 1517 anno
912 1449 1091 1516 Artaxerxis
1108 1449 1297 1540 Longimaui
1308 1448 1370 1514 32ο
1389 1448 1438 1534 (l)
1453 1499 1463 1528 ,
1478 1472 1589 1538 parum
1603 1452 1731 1531 differt,
1752 1452 1938 1540 praesertim
1956 1451 1983 1513 si
1994 1449 2016 1514 J
2020 1449 2110 1534 ojade

434 1555 619 1660 breoipost
638 1566 1025 1656 Helcanae-adventurn
1044 1565 1192 1631 Pontifex
1212 1576 1336 1630 creatus
1358 1577 1425 1644 est,
1450 1567 1541 1656 cujus
1561 1570 1608 1634 rei
1624 1590 1715 1634 causa
1735 1569 1833 1634 luerit
1848 1564 2023 1655 llljesolrtbi
2044 1567 2110 1632 sire

433 1713 540 1766 mors,
552 1690 618 1752 sire
628 1683 806 1751 abdicatio
818 1685 1019 1763 volarntcrr'c
1032 1730 1041 1758 ,
1053 1682 1115 1770 qui
1127 1679 1302 1768 Nchemjae
1315 1730 1326 1761 ,
1337 1683 1392 1747 cui
1403 1682 1602 1774 displicuerit
1613 1735 1623 1764 ,
1636 1687 1796 1756 soluntati
1807 1685 2035 1773 obsequeretur
2043 1687 2108 1766 (2).

478 1807 611 1895 ltaque,
622 1802 694 1868 loco
709 1799 794 1868 Neb.
809 1797 900 1867 Xlll.
921 1799 965 1862 28
986 1797 1148 1864 vindicato
1162 1848 1172 1876 ,
1184 1819 1243 1864 uec
1262 1819 1336 1864 cum
1354 1797 1499 1892 Jqsat‘ttt
1519 1800 1612 1869 dictis
1627 1803 1821 1882 conciliato,
1837 1803 1943 1893 potius
1960 1812 2109 1876 statuam,

430 1923 566 2010 ,lojedae
584 1919 642 1985 lilii
659 1917 900 2006 expulsionem,
919 1914 1120 2003 aliorumque
1131 1916 1152 1983 J
1157 1915 1330 1980 udaeorum
1342 1929 1375 1983 et
1392 1916 1602 1984 sacerdotum
1615 1941 1652 1985 ac
1669 1921 1852 1986 levitarum
1864 1919 2102 2007 migrationem,

429 2041 628 2110 ,ludaeorum
641 2036 736 2103 Sacra
750 2037 833 2101 inter
846 2031 1059 2100 Samaritanus
1069 2033 1170 2120 magis
1186 2055 1399 2122 propagasse,
1422 2045 1520 2122 atque
1536 2057 1640 2100 ansam
1663 2036 1785 2102 dedisse
1796 2085 1806 2114 ,
1816 2048 1853 2101 ut
1865 2013 2107 2102 outtus'eorum

427 2162 465 2244 ‘in
478 2158 586 2221 Monte
606 2153 756 2220 Gartmmi
770 2174 841 2217 mox
853 2149 1114 2216 constitueretur.
1140 2148 1201 2233 Qui
1214 2151 1239 2212 si
1252 2151 1284 2214 in
1304 2148 1394 2216 Aede
1405 2150 1544 2240 quidam
1561 2153 1678 2217 minori
1691 2165 1764 2219 ante
1780 2153 1913 2228 Darium
1925 2150 2107 2218 Godoman·

429 2294 507 2337 num
518 2268 696 2336 celebratus
710 2269 808 2332 luerit
821 2315 829 2343 ,
843 2266 956 2331 melius
973 2287 1047 2330 sane
1060 2264 1252 2356 intelligitur
1265 2265 1457 2332 desiderium
1469 2268 1593 2356 Templi
1607 2270 1788 2360 splendidi
1797 2291 1838 2334 eo
1860 2283 2005 2357 tempore
2027 2289 2106 2332 con·

428 2386 536 2452 dendi.
562 2383 655 2472 Quod
676 2387 702 2449 si
721 2405 828 2448 rerum
850 2401 896 2448 est
908 2383 1103 2482 ,desertius
1117 2385 1212 2448 etiam
1237 2382 1361 2448 nullum
1386 2383 1661 2450 anachronismum
1682 2387 1863 2466 commisit,
1887 2385 2016 2452 tradens
2030 2387 2078 2468 (3)
2093 2383 2137 2458 ,''

423 2502 641 2576 Samaritanus
669 2499 883 2566 Alexandrum
909 2496 1142 2586 Hierosolymis
1167 2500 1334 2589 degentem
1357 2501 1526 2578 invitasse,
1549 2515 1586 2566 ut
1608 2505 1747 2592 ipsorum
1770 2506 1865 2570 etiam
1888 2510 1970 2600 leode
1991 2501 2105 2564 adiret.

432 2621 604 2708 Templum
618 2619 640 2683 ii
652 2615 831 2704 intelligere
842 2640 904 2681 non
917 2628 1067 2704 poterant
1080 2663 1090 2693 ,
1104 2618 1242 2702 cujuseo
1255 2615 1614 2702 tempore,lundameuta
1627 2619 1678 2682 rix
1691 2620 1792 2706 posita
1805 2619 1947 2700 luerint,
1968 2617 2019 2681 sed
2036 2619 2104 2682 Ae·
2124 2697 2128 2704 .

427 2737 499 2800 dem
511 2737 627 2807 illam,
641 2743 676 2796 ut
688 2730 829 2808 ridetur,
843 2736 1035 2819 antiquam.
1063 2731 1194 2796 Veniam
1207 2753 1323 2821 nempe
1332 2731 1458 2819 Templi
1470 2728 1671 2808 aedificandi,
1680 2733 1774 2821 (guam
1787 2734 1885 2823 paulo
1898 2745 1971 2799 ante
1990 2733 2104 2798 Darius

427 2853 501 2942 ipsis
516 2850 671 2927 dederat,
692 2841 923 2914 abAlexandro
936 2849 1014 2914 item
1035 2849 1249 2936 impetrarunt
1259 2869 1343 2912 anuo
1359 2851 1426 2913 332
1440 2895 1450 2926 ,
1474 2869 1575 2937 quum
1594 2848 1620 2910 ie
1637 2849 1758 2935 Tyrum
1777 2849 1935 2916 obsideret
1950 2831 1998 2934 (t)
2017 2855 2102 2938 ;qui

426 2970 508 3038 urbe
537 2955 915 3057 expugnrtA'Alcxander
932 2963 1073 3041 Garum,
1094 2974 1127 3027 et
1148 2961 1223 3027 inde
1244 2960 1468 3052 Hierosolyma
1490 2964 1636 3032 tetendit.
1658 3005 1703 3018 -
1724 2966 1849 3050 Quare,
1873 2967 1971 3034 Dario
1990 2965 2103 3033 Codu-

424 3107 542 3162 manno
565 3092 732 3172 regnante,
752 3078 783 3143 id
797 3079 1156 3168 rogaverint,Josnrttt
1176 3079 1317 3141 narratio
1330 3079 1482 3146 illustrat.
1515 3080 1599 3148 Ante
1619 3083 1743 3172 saepius
1757 3081 1842 3149 idem
1864 3085 2100 3172 quaesiverint,

424 3195 620 3291 septimum
641 3197 774 3262 fortasse
791 3193 995 3273 Artaxerxem
1008 3193 1243 3283 Longimanum
1263 3216 1335 3261 cum
1354 3191 1465 3261 eidem
1486 3196 1646 3287 petitione
1668 3197 1827 3279 adierint,
1853 3222 1949 3293 quem
1971 3213 2100 3281 tamen,
2212 3181 2218 3195 ’

424 3318 582 3405 Nehemji
598 3314 760 3381 illudsine
779 3303 880 3379 dubio
897 3310 1120 3387 dissuadente,
1142 3326 1547 3402 morerenonpotuerunt.
1592 3315 1808 3409 sequentibus
1821 3319 1988 3385 Persarum
2007 3317 2104 3407 liegi-
2163 3292 2169 3305 ’

424 3438 485 3505 bus
504 3431 716 3500 annuentibus
731 3428 911 3508 ,Sacellum
925 3428 1007 3494 illud
1020 3424 1258 3505 sitconditum,
1275 3428 1424 3519 incoque
1439 3418 1554 3497 Cultus
1567 3431 1711 3521 qur'dcm
1729 3432 1909 3521 judaicusn
1931 3432 2103 3522 transfugia

423 3550 649 3623 Sacerdotibus
676 3547 804 3637 judaeis
827 3545 1005 3614 celebratus
1023 3546 1076 3612 sit.
1123 3543 1227 3644 Locus
1248 3568 1323 3611 xero
1344 3546 1514 3643 ignobilis,
1540 3561 1572 3615 et
1594 3546 1706 3615 Cultus
1729 3550 1795 3641 ipse
1818 3572 1891 3617 cum
1915 3550 2040 3616 minore
2067 3552 2103 3614 et

421 3671 591 3761 splendore
606 3670 643 3757 tlt
666 3666 819 3754 religione
840 3664 1045 3741 observatus,
1072 3685 1108 3728 ae
1126 3658 1214 3727 breri
1240 3649 1564 3755 lorsitnncorruptus
1580 3714 1590 3745 ,
1608 3664 1803 3734 desiderium
1820 3656 1960 3735 uiuerint
1981 3666 2104 3735 Aedem

423 3810 458 3853 ae
481 3788 560 3853 Rom
590 3805 712 3849 sacram
738 3778 945 3859 relbrmandi,
971 3792 1003 3846 et
1025 3792 1138 3845 cuneta
1167 3778 1207 3843 ad
1227 3782 1406 3869 exemplum
1431 3782 1556 3873 Templi
1577 3781 1851 3874 hierosolymitani
1873 3786 2100 3873 componendi.

423 3904 533 3984 Norae
556 3900 668 3966 turbae
688 3902 722 3964 in
743 3899 865 3965 ,ludaei
885 3910 1034 3975 exortae,
1063 3895 1181 3985 quibus
1204 3906 1282 3959 tuno
1306 3896 1478 3962 accedebat
1500 3898 1621 3965 animus
1639 3900 1752 3986 Regis,
1772 3900 1980 3965 Samaritauis
2004 3900 2104 3963 beni·

384 4016 390 4024 ’
424 4000 528 4111 gnus,
554 4019 592 4083 iis
611 4017 690 4083 rotis
708 4017 833 4105 egregie
849 4012 1007 4079 latebant.
1054 4012 1220 4078 Alterius
1232 4009 1414 4077 'Sanballati
1435 4010 1499 4079 filia
1523 4012 1679 4092 llanassi,
1703 4011 1849 4080 Jaddfiae
1867 4014 1979 4092 fratri,
1995 4016 2100 4083 nubit.

422 4139 571 4207 Seniores
601 4133 798 4202 ludaeorum
820 4129 1039 4218 indignatione
1071 4129 1148 4196 elati
1175 4128 1337 4196 Manassen
1362 4108 1504 4217 jubent,
1530 4145 1584 4198 aut
1603 4154 1674 4198 eam
1698 4128 1883 4207 dimittere,
1909 4141 1964 4194 aut
1985 4127 2100 4195 Sacer·
2160 4214 2163 4221 Ι
2205 4198 2209 4207 ,

422 4256 511 4323 dotia
527 4278 561 4321 se
577 4252 739 4321 abdicare.
786 4247 944 4316 Neutrum
956 4245 1039 4313 ruit.
1074 4246 1112 4313 ln
1133 4232 1277 4312 exsilium
1294 4231 1429 4325 missus,
1452 4250 1648 4314 cumamicis
1670 4246 1709 4312 ad
1729 4244 1882 4313 Socerum
1904 4269 1937 4313 se
1959 4248 2098 4317 coniert.

423 4376 483 4442 llic
495 4396 513 4438 a
526 4374 622 4439 llario
638 4368 765 4459 Templi
776 4364 964 4433 aedificandi
975 4366 1100 4433 reniam
1118 4366 1212 4454 petit.
1248 4365 1317 4451 Qua
1336 4364 1433 4443 dati,
1452 4361 1566 4433 'Aedes
1585 4388 1673 4431 noun
1686 4364 1858 4447 conditur,
1881 4366 1995 4434 Gultus
2007 4368 2099 4435 Ritui

416 4493 552 4582 judaico
568 4492 638 4578 jam
660 4498 746 4552 totus
765 4483 1046 4562 accommodatur,
1071 4482 1306 4551 Pentateuchus
1327 4482 1435 4551 (lodex
1457 4464 1547 4552 sacer
1565 4485 1697 4576 publice
1714 4486 1955 4575 proclamatur,
1980 4487 2098 4555 rolleu·
2212 4542 2221 4559 .

423 4612 571 4699 nitarque
592 4604 829 4686 introducitur,
854 4624 892 4669 ae
908 4602 1050 4675 Uenetae
1065 4605 1188 4695 primus
1208 4603 1508 4673 Pouu'lexcreatur.
1575 4617 1578 4627 ¹
1705 4610 1710 4618 ⁴

432 4784 704 4809 Μ

464 4881 742 4964 tumulatus.
1123 4883 1165 4960 (2)
1185 4884 1295 4945 lustra.
1315 4880 1436 4942 Gonnos.
1458 4880 1526 4957 (l.'l.
1548 4878 1600 4944 IV.
1615 4880 1643 4945 4.
1661 4901 1690 4962 p·
1710 4878 1761 4959 86)
1783 4878 1883 4953 tradit,
1915 4882 2099 4945 Sauballatunt

417 5002 632 5068 generenam
657 4978 822 5057 Bb‘crcltlo
845 4979 939 5064 Rebus
960 4980 1043 5045 sacris
1060 4976 1208 5061 praeficere
1225 4971 1346 5045 voluisse.
1376 4980 1449 5059 Quid
1466 5000 1529 5041 euru
1548 4968 1712 5061 scriptorem
1729 4980 1862 5051 moverit,
1886 4988 1916 5041 ut
1934 4980 2099 5063 Eljcrcltli

417 5088 503 5147 etiam
522 5080 687 5143 mentionem
700 5084 812 5153 bearet,
837 5082 946 5162 ignoro
985 5083 1028 5145 Tr
1046 5082 1082 5147 V.
1097 5082 1128 5143 T.
1149 5076 1215 5145 taes
1233 5092 1324 5167 petere
1340 5102 1396 5144 uon
1416 5082 1513 5161 potuit,
1528 5080 1575 5143 sed
1591 5102 1623 5145 ex
1641 5082 1699 5143 aliis
1719 5080 1813 5145 Libris
1828 5078 1956 5161 judaicis.

457 5185 505 5267 i³l
526 5184 608 5245 dett.
627 5178 677 5242 ttt
695 5178 723 5243 6
742 5179 769 5239 6.
1198 5226 1227 5240 ..
1315 5184 1358 5261 (t)
1379 5182 1461 5246 Aust
1477 5180 1527 5243 lll.
1547 5180 1576 5245 8.
1596 5181 1624 5245 A.

1837 5276 1875 5336 tu
