5467 6500
1135 804 1426 882 ...m-

432 1014 516 1083 quae
536 992 615 1061 elim
633 985 798 1085 Syangegs
818 992 947 1070 iuerat,
971 992 1033 1059 sibi
1055 991 1283 1089 schristisnis
1306 995 1466 1063 ademtam
1490 1015 1581 1079 esse,
1609 1018 1705 1089 qnam
1725 1017 1796 1089 per
1817 1016 1984 1067 onomate
2004 999 2111 1091 toroge

429 1114 611 1179 sarriente
623 1112 792 1179 Eeetesin
810 1134 957 1177 romena
977 1146 1019 1161 -
1039 1111 1257 1200 possederat.
1302 1113 1424 1193 lione,
1443 1116 1488 1181 sie
1509 1116 1617 1206 pergit
1639 1116 1970 1196 Beneuentanum
1991 1122 2110 1184 ensis·

433 1238 505 1295 tere
535 1252 717 1296 samareae
737 1228 1014 1320 &perstitionis
1040 1229 1229 1319 populum,
1253 1232 1413 1322 improbet
1431 1234 1558 1318 fronte
1584 1226 1773 1315 duratum}
1803 1238 1867 1325 qui
1885 1234 2111 1325 Synngogom

430 1347 554 1411 ebidem
563 1349 687 1435 fnisse
704 1352 839 1436 iniquis
857 1346 1036 1413 conatibus
1055 1351 1247 1411 mentiatur
1270 1348 1335 1431 (1).
1381 1348 1420 1415 In
1440 1348 1555 1415 mediis
1570 1372 1687 1441 nempe
1706 1353 1812 1419 tarbis
1836 1351 2016 1441 bellisque,
2037 1353 2111 1443 qui·

394 1522 399 1531 .
429 1464 488 1529 bns
505 1486 545 1531 eo
566 1477 709 1554 tempere
730 1466 831 1533 Roma
851 1464 931 1531 adeo
955 1463 1143 1543 serebatur,
1162 1484 1198 1528 ee
1218 1462 1421 1555 Synegogss
1443 1463 1632 1535 Christianis
1651 1482 1829 1559 occupata,
1854 1480 1887 1535 et
1910 1468 1974 1535 diu
1990 1478 2112 1557 postea

428 1594 552 1647 retenta
584 1581 680 1648 tuisse
705 1579 859 1658 ridetur,
895 1576 1254 1668 quaestinonem,
1278 1601 1410 1661 eornm,
1436 1604 1519 1671 qnae
1546 1595 1620 1653 ente
1646 1584 1731 1651 iente
1759 1597 1883 1660 essent.
1913 1585 2052 1663 inseius,
2078 1599 2110 1651 et

428 1695 653 1763 schristienis
682 1698 816 1763 tortasse
842 1698 875 1760 in
899 1716 1039 1761 errorem
1066 1694 1202 1777 duetus,
1229 1710 1326 1789 atque
1344 1700 1382 1780 ‚in
1411 1697 1626 1768 Samaritanus
1654 1702 1827 1779 incitatus,
1850 1699 1909 1767 bos
1930 1700 2111 1768 menduces

426 1816 665 1882 existimaverit.
689 1850 734 1867 -
753 1812 873 1878 Verum
897 1813 1079 1880 immerito:
1114 1836 1189 1880 narn
1213 1813 1248 1881 bi
1274 1827 1400 1905 tempus
1424 1831 1643 1907 opportunum
1664 1818 1852 1911 Synagogse
1872 1817 2110 1908 recuperandae

426 1942 507 2001 tune
527 1931 657 1997 dentum
676 1931 799 1998 senisse
819 1929 951 1995 forsitan
972 1928 1149 2018 putarunt]
1172 1953 1312 2020 eamque
1330 1918 1406 2022 ergb
1430 1934 1549 2025 Regem
1567 1936 1727 2005 adierant.

469 2048 673 2117 Honoribus
694 2046 911 2114 Sumeritenos
934 2046 1173 2125 innotesces,
1198 2070 1236 2116 ex
1264 2049 1350 2139 Lege
1379 2050 1583 2117 menifestum
1604 2064 1674 2130 est,
1698 2053 1739 2118 ab
1768 2052 1912 2119 Honorio
1940 2072 2023 2119 anne
2042 2054 2107 2118 404

426 2165 510 2246 lati,
535 2180 568 2232 et
587 2166 701 2232 iterati
721 2185 805 2230 enno
825 2166 912 2241 tte,
936 2164 999 2252 qui
1024 2163 1063 2227 iis
1083 2164 1203 2249 pariter
1228 2176 1326 2255 etque
1350 2164 1483 2232 Jndseis
1505 2167 1646 2234 Militia
1675 2167 1846 2257 Agerium
1870 2174 1907 2233 in
1932 2168 2031 2233 rebus
2058 2168 2108 2231 in·

424 2280 605 2348 terdieitur.
640 2278 798 2347 ledaeos
818 2278 879 2365 (sie
896 2278 931 2343 in
951 2276 1037 2367 Lege
1054 2276 1211 2364 dieitur),
1237 2288 1273 2345 et
1295 2278 1562 2361 samaritanos,
1582 2289 1645 2371 qui
1664 2285 1735 2349 sibi
1752 2288 1925 2374 Agentum
1948 2288 1987 2348 in
2008 2282 2107 2347 rebus

414 2398 616 2487 privilegio
635 2394 886 2472 blandiuntur,
906 2397 999 2459 omni
1017 2393 1163 2462 Mittite
1174 2396 1376 2485 privandos
1399 2419 1474 2463 esse
1495 2420 1668 2465 oensemns
1689 2402 1751 2488 (2).
1799 2400 1938 2490 Agentes
1959 2402 1993 2465 in
2012 2399 2107 2467 rebus

422 2515 590 2594 nimirum,
613 2511 731 2603 quibas
749 2514 936 2602 impositum
956 2524 1025 2577 eret
1045 2532 1179 2591 entare.
1206 2527 1245 2578 ut
1264 2514 1468 2601 Magistratus
1492 2514 1698 2603 imperatoris
1719 2514 1867 2581 mandata
1892 2516 2015 2605 nbiqne
2045 2516 2108 2581 rite
2214 2556 2218 2565 -

422 2644 671 2720 exsequerentur
691 2630 764 2718 (3),
789 2633 823 2697 in
843 2629 966 2697 Peletie
984 2631 1082 2694 etiem
1105 2627 1310 2706 militabant,
1332 2628 1443 2719 ibique
1463 2633 1558 2697 seriis
1580 2631 1692 2695 officiis
1714 2630 1929 2719 iungebantur
1951 2632 2013 2714 (4).
2059 2630 2106 2695 Eo

422 2769 500 2833 ergo
524 2748 667 2826 bonore,
693 2754 757 2835 qno
787 2750 824 2811 ei
847 2746 931 2833 Lege
952 2746 1144 2834 prirentur,
1176 2752 1257 2808 ante
1278 2743 1366 2831 digni
1391 2742 1493 2809 babiti
1520 2758 1625 2816 erent.
1684 2745 1775 2832 Quod
1800 2745 1825 2812 si
1851 2748 1932 2835 qais.
1951 2748 2105 2824 miretur,

424 2863 565 2927 virosis
595 2864 713 2950 cogitet
735 2861 855 2951 ingenii
882 2860 976 2927 lende
995 2860 1200 2950 praeoleros,
1229 2859 1286 2947 qai
1312 2880 1351 2924 ex
1375 2860 1412 2924 ei
1436 2857 1540 2926 Gente
1569 2860 1776 2949 prodierunt,
1802 2883 1882 2951 qnos
1911 2864 1995 2929 inter
2022 2885 2055 2929 r.
2075 2884 2106 2932 o.

372 2968 377 2974 ’
421 2990 550 3068 praeter
569 2976 665 3058 elios,
685 2979 895 3047 terrerem
918 2976 1133 3046 Ponsnrsroa
1152 2974 1313 3065 quendam
1338 2976 1481 3055 fnit,.ee
1502 2974 1619 3043 deinde
1639 2978 1797 3045 Haemus
1820 2978 2107 3059 Νιιιοιιιιιιυι,

404 3095 550 3161 Ῥιοοιι
569 3095 764 3184 discipules,
788 3093 996 3183 ejusdemque
1016 3096 1049 3159 in
1072 3092 1233 3159 cathedri
1256 3090 1395 3157 Sebolee
1421 3090 1616 3158 atheniensis
1638 3114 1722 3158 enno
1743 3095 1808 3159 485
1827 3115 2001 3164 successor.
2049 3094 2107 3161 His

421 3212 525 3293 Viris,
547 3192 604 3302 qni
624 3208 758 3279 literis
778 3210 933 3276 cotendis
953 3222 1044 3277 erent
1067 3210 1226 3298 insignes,
1251 3205 1337 3274 bend
1353 3206 1450 3296 penei
1466 3207 1535 3276 sine
1554 3208 1654 3280 dubio
1670 3207 1745 3275 addi
1767 3221 1900 3300 pessunt
1920 3208 1991 3276 liei
2011 3210 2109 3275 miti·

423 3335 516 3394 taris
535 3327 654 3417 periti,
676 3325 735 3392 sub
758 3326 975 3393 Romanorum
997 3325 1119 3392 resiliis
1140 3323 1223 3390 hene
1248 3336 1349 3390 artem
1380 3323 1500 3393 edenti.
1546 3327 1588 3393 lii
1614 3323 2013 3394 Samaritanorumdstees
2036 3324 2108 3388 iue-

419 3456 521 3518 runt‚
543 3443 603 3508 abi
630 3445 654 3507 ii
688 3440 879 3530 seditionem
906 3452 1096 3518 morerent3
1127 3462 1157 3504 r.
1177 3461 1207 3507 e.
1231 3439 1291 3503 sub
1321 3439 1536 3517 Hadriano,
1570 3443 1720 3519 Severo,
1747 3443 1780 3504 in
1804 3442 1914 3528 primis
1941 3461 2016 3505 sero
2044 3439 2104 3504 sub

421 3560 557 3627 Zenone
576 3571 608 3624 et
625 3557 853 3640 lastiniam,
878 3560 996 3649 quibus
1013 3556 1218 3647 regnantibus
1233 3555 1385 3635 instes
1408 3555 1473 3622 site
1490 3555 1662 3635 tuentes,
1672 3568 1707 3623 et
1723 3555 1914 3634 Jnntases
1929 3554 2104 3622 sSameri·

420 3675 503 3743 tanis
516 3677 617 3767 Reges
634 3675 733 3742 creati
750 3689 844 3754 sunt,
866 3700 923 3766 qm
914 3673 1171 3766 ''gresieribus
1160 3696 1195 3738 ιι
1205 3671 1357 3740 Eserertu
1374 3691 1507 3798 remens
1518 3671 1705 3740 Muneribus
1725 3684 1798 3739 ente
1821 3671 2007 3762 iungentes,
2018 3675 2102 3739 haee

413 3797 560 3859 nomino
580 3816 726 3860 romena
746 3794 879 3860 iortesse
899 3802 1121 3858 assumserunt.

462 3911 681 3978 Samaritanus
695 3911 1090 3996 constantinopolitanos
1111 3925 1149 3969 er
1165 3903 1304 3996 Legibus
1331 3907 1409 3972 selis
1425 3906 1583 3972 nevimus.
1630 3908 1718 3990 Qnee
1736 3906 1822 3971 enirn
1842 3905 2034 3972 Cernentes
2051 3906 2101 3993 (5)

417 4049 457 4094 er
483 4030 606 4096 Pnern
639 4025 857 4114 (Petrierebee
887 4021 1225 4110 constantinopolitani
1255 4011 1445 4105 seeuli1X³)
1475 4020 1731 4097 Nomoeaeone,
1763 4033 1796 4085 et
1822 4040 1861 4085 ex
1888 4021 2103 4086 Binssstosrs

418 4147 452 4210 in
470 4141 557 4212 hune
574 4144 709 4213 Librum
728 4139 936 4208 annotatione
955 4139 1088 4215 citarit,
1113 4158 1150 4203 ex
1169 4136 1309 4226 Legibus
1328 4135 1441 4203 hausta
1466 4149 1560 4208 sunt.
1584 4137 1686 4224 iisqne
1707 4135 1764 4202 din
1785 4145 1878 4202 antee
1904 4133 1997 4214 latis,
2023 4135 2101 4202 adeo

395 4270 399 4279 '
420 4274 456 4330 ut
477 4265 589 4329 secoli
607 4257 683 4330 w
702 4268 737 4326 et
755 4255 796 4327 Χ
800 4253 857 4326 11¹
878 4255 919 4322 de
937 4253 1147 4324 Semaritanis
1165 4255 1346 4324 testimonia
1367 4254 1415 4320 ibi
1435 4275 1499 4320 non
1523 4252 1708 4321 babeamus.
1765 4252 1864 4319 Jussn
1885 4249 1972 4320 enirn
1992 4247 2102 4344 Impe-

408 4589 411 4594 ·
458 4581 504 4652 (l)
524 4579 564 4640 im
583 4578 685 4638 Διιιι.
701 4579 829 4640 Censen.
855 4580 944 4660 Opere
957 4582 1065 4652 meio.
1087 4577 1189 4640 Gener.
1205 4576 1295 4642 1637.
1316 4578 1358 4642 40,
1377 4577 1473 4661 gut
1488 4571 1546 4657 seq.

459 4676 507 4749 (2)
528 4677 562 4736 L.
577 4677 622 4736 lb
646 4677 714 4736 Cast.
735 4679 868 4739 Thoen.
889 4680 924 4740 de
941 4680 1010 4742 Jtrd
2108 4717 2114 4728 ·

458 4771 504 4849 (3)
524 4775 724 4837 Gemens.
716 4797 746 4838 ιι
763 4776 909 4837 Peretitte
926 4778 1071 4840 urim.
1089 4779 1159 4841 cod.
1175 4777 1274 4840 l'beed.
1287 4774 1529 4856 deAvesubu
1515 4793 1548 4832 te
1562 4773 1643 4838 retus
1660 4771 1708 4851 (L.
1720 4772 1772 4836 Vl.
1787 4769 1855 4852 27),
1873 4773 1920 4838 sbi
1940 4773 1974 4834 de
1991 4794 2103 4840 eorum·

417 4871 482 4932 dem
502 4891 629 4944 mmo,
650 4877 743 4936 seriis
766 4876 919 4956 gradibus,
935 4878 1054 4953 setalia,
1083 4889 1111 4938 et
1122 4877 1289 4959 privilegiis
1317 4875 1477 4946 disseritur·
1504 4893 1570 4936 eum
1598 4873 1698 4954 quibus
1718 4873 1798 4936 eonii.
1826 4875 1956 4936 suentes
1976 4873 2102 4936 inedia

422 4971 596 5039 mmet,
613 4969 781 5050 leget,
798 4983 858 5037 net.
873 4975 921 5038 bl.

460 5071 504 5144 (bt
524 5068 725 5131 Generum
719 5091 748 5131 ιι
763 5073 908 5135 Parntttto
923 5077 957 5136 at
972 5075 1042 5137 ced.
1061 5075 1161 5136 Tbeed.
1181 5075 1272 5139 riost.
1288 5027 1322 5138 ds
1333 5071 1502 5156 privilegiis
1520 5089 1632 5144 sorsat,
1651 5073 1703 5152 qai
1720 5071 1751 5130 o·
1767 5089 1846 5132 suere
1862 5069 1978 5132 Palatio
1992 5067 2099 5128 milite·

277 5168 284 5181 ’
417 5171 483 5230 teat
498 5169 550 5249 (1..
563 5167 615 5231 vt.
633 5168 693 5245 35).
857 5173 902 5250 (5)
922 5172 1035 5238 volitet.
1051 5194 1079 5252 p.
1095 5173 1146 5236 23
1279 5181 1283 5190 ’

1871 5268 1888 5322 t
